模擬難聴技術
@article{fant1981source,
  title={The source filter concept in voice production},
  author={Fant, Gunnar},
  journal={STL-QPSR},
  volume={1},
  number={1981},
  pages={21--37},
  year={1981}
}

@article{sondhi1983inverse,
  title={The inverse problem for the vocal tract: Numerical methods, acoustical experiments, and speech synthesis},
  author={Sondhi, Man Mohan and Resnick, JR},
    journal={J. Acoust. Soc. Am.},
  volume={73},
  number={3},
  pages={985--1002},
  year={1983},
  publisher={Acoustical Society of America}
}

@article{wakita1979estimation,
  title={Estimation of vocal-tract shapes from acoustical analysis of the speech wave: The state of the art},
  author={Wakita, Hirashi},
  journal={IEEE Transactions on Acoustics, Speech, and Signal Processing},
  volume={27},
  number={3},
  pages={281--285},
  year={1979},
  publisher={IEEE}
}

@article{wakita1977normalization,
  title={Normalization of vowels by vocal-tract length and its application to vowel identification},
  author={Wakita, Hisashi},
  journal={IEEE Transactions on Acoustics, Speech, and Signal Processing},
  volume={25},
  number={2},
  pages={183--192},
  year={1977},
  publisher={IEEE}
}




@article{smith2005processing,
  title={The processing and perception of size information in speech sounds},
  author={Smith, David RR and Patterson, Roy D and Turner, Richard and Kawahara, Hideki and Irino, Toshio},
  journal={J. Acoust. Soc. Am.},
  volume={117},
  number={1},
  pages={305--318},
  year={2005},
    DOI={10.1121/1.1828637},
  publisher={Acoustical Society of America}
}

@article{van2018evaluation,
  title={An evaluation of intrusive instrumental intelligibility metrics},
  author={Van Kuyk, Steven and Kleijn, W Bastiaan and Hendriks, Richard Christian},
  journal={IEEE/ACM Transactions on Audio, Speech, and Language Processing},
  volume={26},
  number={11},
  pages={2153--2166},
    DOI={10.1109/TASLP.2018.2856374},
  year={2018},
  publisher={IEEE}
}


@inproceedings{kawahara2014vocal,
  title={{Vocal tract length estimation based on vowels using a database consisting of 385 speakers and a database with MRI-based vocal tract shape information}},
  author={Kawahara, Hideki and Kitamura, Tatsuya and Takemoto, Hironori and Nisimura, Ryuichi and Irino, Toshio},
  booktitle={Fifteenth Annual Conference of the International Speech Commun. Association},
  year={2014}
}

@article{kitamura2005individual,
  title={Individual variation of the hypopharyngeal cavities and its acoustic effects},
  author={Kitamura, Tatsuya and Honda, Kiyoshi and Takemoto, Hironori},
  journal={Acoustical science and technology},
  volume={26},
  number={1},
  pages={16--26},
  year={2005},
  publisher={Acoustical Society of Japan}
}

@inproceedings{kitamura2008acoustic,
  title={{Acoustic characteristics of solid vocal tracts modeled from ATR MRI database of Japanese vowel production}},
  author={Kitamura, Tatsuya and Takemoto, Hironori and Honda, Kiyoshi},
  booktitle={Abstract of Acoustical Society of America meeting},
  volume={123},
  number={5},
  pages={3734},
  year={2008}
}

@article{masaki1999mri,
  title={{MRI-based speech production study using a synchronized sampling method}},
  author={Masaki, Shinobu and Tiede, Mark K and Honda, Kiyoshi and Shimada, Yasuhiro and Fujimoto, Ichiro and Nakamura, Yuji and Ninomiya, Noboru},
  journal={J. Acoust. Soc. Jpn (E)},
  volume={20},
  number={5},
  pages={375--379},
  year={1999},
  publisher={Acoustical Society of Japan}
}
%  journal={Journal of the Acoustical Society of Japan (E)},

% S. Masaki, M. K. Tiede, K. Honda, Y. Shimada, I. Fujimoto, Y. Nakamura, and N. Ninomiya, “MRI-based speech production study using a synchronized sampling method,” J. Acoust. Soc. Jpn. (E), Vol. 20, No. 5, pp. 375-380, 1999.

@article{takemoto2004method,
  title={{A method of tooth superimposition on MRI data for accurate measurement of vocal tract shape and dimensions}},
  author={Takemoto, Hironori and Kitamura, Tatsuya and Nishimoto, Hironori and Honda, Kiyoshi},
  journal={Acoust. Sci. \& Tech.},
  volume={25},
  number={6},
  pages={468--474},
  year={2004},
  publisher={Acoustical Society of Japan}
}
%  journal={Acoustical science and technology},

% H. Takemoto, T. Kitamura, H. Nishimoto, and K. Honda, “A method of tooth superimposition on MRI data for accurate measurement of vocal tract shape and dimensions,” Acoust. Sci. & Tech., Vol. 25, No. 6, pp. 468-474, 2004.


%  publisher={Acoustical Society of America}

@inproceedings{irino2013vocal,
  title={Vocal tract length estimation for voiced and whispered speech using gammachirp filterbank},
  author={Irino, Toshio and Okamoto, Erika and Nisimura, Ryuichi and Kawahara, Hideki},
  booktitle={APSIPA ASC 2013,},
  pages={1--4},
  year={2013},
  organization={IEEE}
}


@inproceedings{irino2017auditory,
  title={An auditory model of speaker size perception for voiced speech sounds},
  author={Irino, Toshio and Takimoto, Eri and Matsui, Toshie and Patterson, Roy},
  booktitle={Proc. Interspeech 2017},
  pages={1153--1157},
  doi={10.21437/Interspeech.2017-196},
  year={2017},
}

%  organization={ISCA}


@article{davis1980comparison,
  title={Comparison of parametric representations for monosyllabic word recognition in continuously spoken sentences},
  author={Davis, Steven and Mermelstein, Paul},
  journal={IEEE transactions on acoustics, speech, and signal processing},
  volume={28},
  number={4},
  pages={357--366},
  year={1980},
  publisher={IEEE}
}

%  booktitle={2013 Asia-Pacific Signal and Information Processing Association Annual Summit and Conference},





%%%%



%% speech enhancement

@inproceedings{Berouti1979enhancement,
    title = {{Enhancement of speech corrupted by acoustic noise}},
    year = {1979},
    booktitle = {IEEE International Conference on Acoustics, Speech, and Signal Processing},
    author = {Berouti, M. and Schwartz, R. and Makhoul, J.},
    pages = {208--211},
    volume = {4},
    publisher = {Institute of Electrical and Electronics Engineers},
    url = {http://ieeexplore.ieee.org/articleDetails.jsp?arnumber=1170788},
    doi = {10.1109/ICASSP.1979.1170788},
    keywords = {Acoustic noise, Background noise, Noise level, Noise reduction, Performance evaluation, Phase estimation, Phase noise, Signal to noise ratio, Speech enhancement, Testing},
    language = {English}
}




@misc{Lancers,
author={Lancers},
url={https://www.lancers.jp},
note={Last: 10 Aug 2024}
}


@misc{WebSpIntel,
url={https://web.wakayama-u.ac.jp/~irino/ExpWeb/ExpSpIntel/index.php},
title ={Speech intelligibility test web page (in Japanese)},
  note={Last: 17 Mar 2021}
  }
  


%  http://otoguro.net/home/latex/bibtex/


@unpublished{Iwaki2019effect,
  title={The effect of sound level reduction on speech intelligibility (in Japanese)},
  author={Iwaki, Ryunosuke},
  note={Bachalor thesis, Faculty of Systems Engineering, Wakayama University},
  year={2019},
}


@misc{Mora,
url={https://en.wikipedia.org/wiki/Mora\_(linguistics)},
title ={Wiki: Mora\_(linguistics)},
  note={Last: 17 Mar 2021}
  }

%https://en.wikipedia.org/wiki/Mora_(linguistics)




%% Crowd sourcing Speech Quality (Synthesis)





@article{naderi2020open,
  title={An open source implementation of itu-t recommendation p. 808 with validation},
  author={Naderi, Babak and Cutler, Ross},
  journal={arXiv preprint arXiv:2005.08138},
  year={2020},
  URL={https://arxiv.org/abs/2005.08138}
}

@inproceedings{naderi2015effect,
  title={Effect of trapping questions on the reliability of speech quality judgments in a crowdsourcing paradigm},
  author={Naderi, Babak and Polzehl, Tim and Wechsung, Ina and K{\"o}ster, Friedemann and M{\"o}ller, Sebastian},
    booktitle={Proc. Interspeech 2015},
  year={2015},
  URL={https://www.isca-speech.org/archive/interspeech\_2015/i15\_2799.html}
}

@inproceedings{polzehl2015robustness,
  title={Robustness in speech quality assessment and temporal training expiry in mobile crowdsourcing environments},
  author={Polzehl, Tim and Naderi, Babak and K{\"o}ster, Friedemann and M{\"o}ller, Sebastian},
  booktitle={Proc. Interspeech 2015, Sixteenth annual conference of the international speech communication association},
  year={2015},
  URL={https://www.isca-speech.org/archive/interspeech\_2015/i15\_2794.html}
}

@inproceedings{jimenez2018influence,
  title={Influence of number of stimuli for subjective speech quality assessment in crowdsourcing},
  author={Jim{\'e}nez, Rafael Zequeira and Gallardo, Laura Fern{\'a}ndez and M{\"o}ller, Sebastian},
  booktitle={2018 Tenth international conference on quality of multimedia experience (QoMEX)},
  pages={1--6},
  year={2018},
  organization={IEEE},
  URL={https://ieeexplore.ieee.org/abstract/document/8463298}
}


%% Preference test

@inproceedings{buchholz2011crowdsourcing,
  title={Crowdsourcing preference tests, and how to detect cheating},
  author={Buchholz, Sabine and Latorre, Javier},
  booktitle={Proc. Interspeech 2011, Twelfth annual conference of the international speech communication association},
  year={2011},
  URL={https://www.isca-speech.org/archive/archive\_papers/interspeech\_2011/i11\_3053.pdf}
}




%% Crowd sourcing Speech Perception
@article{paglialonga2020automated,
  title={An automated speech-in-noise test for remote testing: Development and preliminary evaluation},
  author={Paglialonga, Alessia and Polo, Edoardo Maria and Zanet, Marco and Rocco, Giulia and van Waterschoot, Toon and Barbieri, Riccardo},
  journal={American Journal of Audiology},
  volume={29},
  number={3S},
  pages={564--576},
  doi= {10.1044/2020\_AJA-19-00071},
  year={2020},
  publisher={ASHA},
}
%   URL= {https://doi.org/10.1044/2020\_AJA-19-00071}

@article{padilla2021binaural,
  title={Binaural speech intelligibility tests conducted remotely over the Internet compared with tests under controlled laboratory conditions},
  author={Padilla-Ortiz, AL and Ordu{\~n}a-Bustamante, Felipe},
  journal={Applied Acoustics},
  volume={172},
  pages={107574},
  year={2021},
    doi={10.1016/j.apacoust.2020.107574},
  publisher={Elsevier},
}

%  URL= {https://doi.org/10.1016/j.apacoust.2020.107574}


@inproceedings{cooke2011crowdsourcing,
  title={Crowdsourcing for word recognition in noise},
  author={Cooke, Martin and Barker, Jon and Lecumberri, Maria Luisa Garcia and Wasilewski, Krzysztof},
  booktitle={Proc. Interspeech 2011},
    doi={10.21437/Interspeech.2011-763},
  year={2011}
}
% , Twelfth Annual Conference of the International Speech Communication Association

@article{cooke2013crowdsourcing,
  title={Crowdsourcing in speech perception},
  author={Cooke, Martin and Barker, Jon and Lecumberri, ML Garcia and Wasilewski, K},
  journal={Crowdsourcing for speech processing: Applications to data collection, transcription and assessment},
  volume={137},
  pages={172},
  year={2013},
  publisher={Wiley Online Library},
  URL= {https://doi.org/10.1002/9781118541241}
}

%  abstract={In this chapter, the authors argue that with careful design and post‐processing, useful speech perception data can be collected from web respondents. Technological advances are making it easier to ensure that stimuli reach a listener's ears in a pristine state and that the listener's audio pathway is known. New methodological techniques permit objective confirmation of respondent‐provided data. Ingenious task selection can lead to the collection of useful data even if absolute levels of performance fall short of those obtainable in the laboratory. The chapter presents a recent crowdsourcing exercise in which listeners attempted to identify words presented in noise via an online application. This study, called the BigListen, is an example of the crowd‐as‐filter approach. This technique uses crowdsourcing solely as a screening process prior to the selection of exemplars that are pursued further in formal tests.},

@article{wichmann2001psychometric,
  title={The psychometric function: I. Fitting, sampling, and goodness of fit},
  author={Wichmann, Felix A and Hill, N Jeremy},
  journal={Perception \& psychophysics},
  volume={63},
  number={8},
  pages={1293--1313},
  year={2001},
  publisher={Springer},
  doi= {10.3758/bf03194544},
  URL= {https://doi.org/10.3758/BF03194544}
}


@inproceedings{yamamoto2021comparison,
    author={Ayako Yamamoto and Toshio Irino and Kenichi Arai and Shoko Araki and Atsunori Ogawa and Keisuke Kinoshita and Tomohiro Nakatani},
  title={Comparison of Remote Experiments Using Crowdsourcing and Laboratory Experiments on Speech Intelligibility},
  booktitle={Proc. Interspeech 2021},
  pages={181--185},
  year={2021},
  doi={10.21437/Interspeech.2021-174},
}
%  url={https://www.doi.org/10.21437/Interspeech.2021-174}




% １２月若手
@inproceedings{yamamoto2021multichannel,
  title={マルチチャンネル音声強調処理の主観評価 },
  author={山本絢子 and 入野俊夫 and 新井賢一 and 荒木章子 and 小川厚徳 and 木下慶介 and 中谷智広},
  booktitle={日本音響学会関西支部 第24回関西支部若手研究者交流研究発表会},
  number={43},
  pages={1},
  year={2021}
}




@inproceedings{irino2021whis_Eng,
author = {Toshio Irino},
title = {A new implementation of hearing impairment simulator WHIS based on the gammachirp auditory filterbank},
booktitle= {The 3rd Japan-Taiwan Symposium on Psychological and Physiological Acoustics},
volume={51},
number ={8, H-2021-102}, 
pages={545-550},
year={2021}
}
%publisher={The Acoustical Society of Japan}

%booktitle= {The 3rd Japan-Taiwan Symposium on Psychological and Physiological Acoustics, Proc. Auditory Research Meeting　(in Japanese with an English extended abstract},
%url={https://github.com/AMLAB-Wakayama/WHIS}


@inproceedings{irino2021whis,
author = {入野俊夫},
title = {ガンマチャープ聴覚フィルタに基づく模擬難聴システム WHIS の新実装},
booktitle= {The 3rd Japan-Taiwan Symposium on Psychological and Physiological Acoustics, 日本音響学会 聴覚研究会資料},
volume={51},
number ={8, H-2021-102}, 
pages={545-550}, 
year={2021}
}


@article{irino2023hearing,
  title={{Hearing impairment simulator based on auditory excitation pattern playback: WHIS}},
  author={Irino, Toshio},
  journal={IEEE Access},
  volume={11},
  pages={78419--78430},
  year={2023},
  DOI= {10.1109/ACCESS.2023.3298673}
}

T. Irino, "Hearing Impairment Simulator Based on Auditory Excitation Pattern Playback: WHIS," in IEEE Access, vol. 11, pp. 78419-78430, 2023, doi: 10.1109/ACCESS.2023.3298673.

@article{irino2020gammachirp,
  title={The gammachirp auditory filter and its application to speech perception},
  author={Toshio Irino and Roy D. Patterson},
  journal={Acoust. Sci. Tech.},
  volume={41},
  number={1},
  pages={99-107},
  year={2020},
  doi={10.1250/ast.41.99}
}


@misc{ExpSpIntelMulCh,
url={https://web.wakayama-u.ac.jp/~irino/ExpWeb/ExpWeb2021/ExpSpIntelMulCh/index.php (2022/2/4アクセス)} 
}


@article{matsui2022modelling,
  title={Modelling speaker-size discrimination with voiced and unvoiced speech sounds based on the effect of spectral lift},
  author={Matsui, Toshie and Irino, Toshio and Uemura, Ryo and Yamamoto, Kodai and Kawahara, Hideki and Patterson, Roy D},
  journal={Speech Commun.},
  volume={136},
  pages={23--41},
  year={2022},
  doi={10.1016/j.specom.2021.10.006},
  publisher={Elsevier}
}

%%%%%%%%%%%%%%%%%%%%%%%%%



%  title={Painfree and accurate Bayesian estimation of psychometric functions for (potentially) overdispersed data},

@article{schutt2016painfree,
  title={Painfree and accurate Bayesian estimation of psychometric functions for (potentially) overdispersed data},
  author={Sch{\"u}tt, Heiko H and Harmeling, Stefan and Macke, Jakob H and Wichmann, Felix A},
  journal={Vision research},
  volume={122},
  pages={105--123},
  year={2016},
  publisher={Elsevier},
  doi={10.1016/j.visres.2016.02.002},
  url={https://github.com/wichmann-lab/psignifit/wiki}
}



@article{arai2020predicting,
  title={Predicting Intelligibility of Enhanced Speech Using Posteriors Derived from DNN-based ASR System},
  author={Arai, Kenichi and Araki, Shoko and Ogawa, Atsunori and Kinoshita, Keisuke and Nakatani, Tomohiro and Irino, Toshio},
  journal={Proc. Interspeech 2020},
  pages={1156--1160},
  year={2020}
}





@misc{ASA_PP,
  author={ASA P&P Task Force on Remote Testing},
  title ={Remote Testing Wiki},
  url={https://www.spatialhearing.org/remotetesting/},
  year={2021},
  note={(Last: 17 Jan. 2021)},
}
  
  
@misc{HULTI_GEN,
url={https://zenodo.org/record/4302080}
}

@misc{P808,
url={https://github.com/microsoft/P.808}
}

@misc{ExpSpIntel,
url={https://web.wakayama-u.ac.jp/〜irino/ExpWeb/ExpSpIntel/} 
}

@article{irino1997time,
    title = {{A time domain, level-dependent auditory filter: the gammachirp}},
    year = {1997},
  journal={J. Acoust. Soc. Am.},
    author = {Irino, Toshio and Patterson, Roy D.},
    number = {1},
    pages = {412--419},
    volume = {101},
    isbn = {9784339013238},
    doi = {10.1121/1.417975},
    issn = {00014966}
}





@article{meddis1986simulation,
  title={Simulation of mechanical to neural transduction in the auditory receptor},
  author={Meddis, Ray},
  journal={J. Acoust. Soc. Am.},
  volume={79},
  number={3},
  pages={702--711},
  year={1986},
  publisher={Acoustical Society of America}
}



@article{verhey1999within,
  title={Within-channel cues in comodulation masking release (CMR): Experiments and model predictions using a modulation-filterbank model},
  author={Verhey, Jesko L and Dau, Torsten and Kollmeier, Birger},
    journal={J. Acoust. Soc. Am.},
  volume={106},
  number={5},
  pages={2733--2745},
  year={1999},
   url = {http://asa.scitation.org/doi/10.1121/1.428101},
    isbn = {0001-4966 (Print){\textbackslash}r0001-4966 (Linking)},
    doi = {10.1121/1.428101},
  publisher={Acoustical Society of America}
}




@article{kardous2014evaluation,
  title={Evaluation of smartphone sound measurement applications},
  author={Kardous, Chucri A and Shaw, Peter B},
    journal={J. Acoust. Soc. Am.},
  volume={135},
  number={4},
  pages={EL186--EL192},
  year={2014},
  publisher={Acoustical Society of America}
}



@incollection{irino2013accurate,
  title={Accurate estimation of compression in simultaneous masking enables the simulation of hearing impairment for normal-hearing listeners},
  author={Irino, Toshio and Fukawatase, Tomofumi and Sakaguchi, Makoto and Nisimura, Ryuichi and Kawahara, Hideki and Patterson, Roy D},
  booktitle={Basic Aspects of Hearing},
  pages={73--80},
  year={2013},
  doi = {10.1007/978-1-4614-1590-9_9},
  publisher={Springer}
}

@inproceedings{nagae2014hearing,
  title={Hearing impairment simulator based on compressive gammachirp filter},
  author={Nagae, Misaki and Irino, Toshio and Nisimura, Ryuich and Kawahara, Hideki and Patterson, Roy D},
  booktitle={Signal and Information Processing Association Annual Summit and Conference (APSIPA), 2014 Asia-Pacific},
  pages={1--4},
  year={2014},
  doi = {10.1109/APSIPA.2014.7041579},
  organization={IEEE}
}


@misc{ExpWeb,
  author={Yamamoto, A and Irino, T},
  title = {AMLAB-Wakayama GitHub page of Web base remote experiments},
  howpublished = {\url{https://github.com/AMLAB-Wakayama/ExpWeb}},
  note = {Accessed: 2021-10-03}
}



@misc{GitHubAMLAB,
  howpublished = {\url{https://github.com/AMLAB-Wakayama}},
  note = {Accessed: 2023-01-29}
}




@article{tsuiki2002nihon,
  title={{Age effect on hearing: a study on Japanese}},
  author={Takashi Tsuiki and Shirou Sasamori and Yoshinori Minami and Takakatsu Ichinohe and Kazuo Murai and Seiko Murai and Hiroshi Kawashima},
  journal={{Audiol. Jpn. (in Japanese)}},
  volume={45},
  number={3},
  pages={241--250},
  year={2002},
  doi={10.4295/audiology.45.241},
  publisher={Japan Audiological Society}
}

@article{tsuiki2002nihon_Jpn,
  title={日本人聴力の加齢変化の研究},
  author={立木孝 and 笹森史朗 and 南吉昇 and 一戸孝七 and 村井和夫 and 村井盛子 and 河嶋寛},
  journal={Audiology Japan},
  volume={45},
  number={3},
  pages={241--250},
  year={2002},
  doi={10.4295/audiology.45.241},
  publisher={Japan Audiological Society}
}


%    


@article{irino2006dynamic,
  title = {{A dynamic compressive gammachirp auditory filterbank.}},
  author={Irino, Toshio and Patterson, Roy D},
  journal={IEEE trans. ASLP},
  volume={14},
  number={6},
    pages = {2222--2232},
    volume = {14},
    year={2006},
    doi = {10.1109/TASL.2006.874669},
    issn = {1558-7916},
    pmid = {19330044},
  publisher={IEEE}
}



@misc{ansi2010specification,
  title={Specification for audiometers},
  author={ {\rm ANSI\;S3.\;6 - 2010} },
  year={2010},
  publisher={Acoustical Society of America New York},
  url={https://webstore.ansi.org/standards/asa/ansiasas32018}
}



@misc{ansi2018specification,
  title={Specification for audiometers},
  author={ {\rm ANSI/ASA \;S3.\;6 - 2018} },
  year={2018},
  publisher={Acoustical Society of America New York},
  url={https://webstore.ansi.org/standards/asa/ansiasas32018}
}



@article{glasberg2006prediction,
  title={Prediction of absolute thresholds and equal-loudness contours using a modified loudness model},
  author={Glasberg, Brian R and Moore, Brian C J},
    journal={J. Acoust. Soc. Am.},
  volume={120},
  number={2},
  pages={585--588},
  year={2006},
    doi={10.1121/1.2214151},
  publisher={Acoustical Society of America},
}




@incollection{irino2021book,
  title={周波数分析機能},
  author={入野俊夫},
  booktitle={\rm 音響学講座5 聴覚},
  pages={25--48},
  year={2021},
  publisher={コロナ社}
}


@inproceedings{irino2019moginancho,
  title={模擬難聴システムと聴覚・音声実験への応用},
  author={入野俊夫},
  journal={日本音響学会秋季研究発表会講演論文集},
  volume={3--2--4},
  pages={1329--1330},
  year={2019}
}
  % journal={日本音響学会秋季研究発表会講演論文}



% Hearing loss simulation


@article{villchur1974simulation,
  title={Simulation of the effect of recruitment on loudness relationships in speech},
  author={Villchur, Edgar},
    journal={J. Acoust. Soc. Am.},
  volume={56},
  number={5},
  pages={1601--1611},
  year={1974},
  doi={10.1121/1.1903484},
  publisher={Acoustical Society of America}
}


@misc{HeLPS,
  title={HeLPS v2},
  author={Sensimetrics\;Inc.},
  url={http://www.sens.com/ products/helps-v2/},
  note={(Last: 3 Oct. 2018)}
}



@article{zurek2007hearing,
  title={Hearing loss and prosthesis simulation in audiology},
  author={Zurek, Patrick M and Desloge, Joseph G},
  journal={The Hearing Journal},
  volume={60},
  number={7},
  pages={32--38},
  year={2007},
  doi={10.1097/01.HJ.0000281789.77088.b6},
  publisher={LWW}
}


%% Recruitment simulation:

@article{moore1993simulation,
  title={Simulation of the effects of loudness recruitment and threshold elevation on the intelligibility of speech in quiet and in a background of speech},
  author={Moore, Brian C J and Glasberg, Brian R},
    journal={J. Acoust. Soc. Am.},
  volume={94},
  number={4},
  pages={2050--2062},
  year={1993},
  doi={10.1121/1.407478},
  publisher={Acoustical Society of America}
}



@article{baer1993effects,
  title={Effects of spectral smearing on the intelligibility of sentences in noise},
  author={Baer, Thomas and Moore, Brian C J},
    journal={J. Acoust. Soc. Am.},
  volume={94},
  number={3},
  pages={1229--1241},
  year={1993},
    doi = {10.1121/1.408176},
  publisher={Acoustical Society of America}

}

@article{baer1994effects,
  title={Effects of spectral smearing on the intelligibility of sentences in the presence of interfering speech},
  author={Baer, Thomas and Moore, Brian CJ},
  journal={J. Acoust. Soc. Am.},
  volume={95},
  number={4},
  pages={2277--2280},
  year={1994},
  publisher={Acoustical Society of America}
}





@misc{claritychallenge,
  author={{Clarity challenge commitee}},  
  title={Clarity challenge - Prediction challenge},
  url={https://github.com/claritychallenge},
  note={(Last: 9 Dec 2024)},
  year={2022}
}


- misc{claritychallenge,
  author={Clarity challenge commitee},  
  title={Clarity challenge - Prediction challenge},
  url={https://claritychallenge.org},
  note={(Last: 26 Feb. 2022)},
  year={2022}
}

- misc{clarity2022the1st,
  author={{Clarity challenge commitee}},  
  title={The 1st Clarity Prediction Challenge},
  url={https://claritychallenge.org/docs/cpc1/cpc1\_intro},
  note={(Last: 11 Nov. 2024)},
  year={2022}
}

The 1st Clarity Prediction Challenge

@article{bacon1985temporal,
  title={Temporal modulation transfer functions in normal-hearing and hearing-impaired listeners},
  author={Bacon, Sid P and Viemeister, Neal F},
  journal={Audiology},
  volume={24},
  number={2},
  pages={117--134},
  year={1985},
    doi = {10.3109/00206098509081545},
  publisher={Taylor \& Francis}
}



@article{patterson2003extending,
  title={Extending the domain of center frequencies for the compressive gammachirp auditory filter},
  author={Patterson, Roy D and Unoki, Masashi and Irino, Toshio},
    journal={J. Acoust. Soc. Am.},
  volume={114},
  number={3},
  pages={1529--1542},
  year={2003},
  doi={10.1121/1.1600720},
  publisher={Acoustical Society of America}
}




@article{irino1999analysis,
  title={{An analysis/synthesis auditory filterbank based on an IIR implementation of the gammachirp}},
  author={Irino, Toshio and Unoki, Masashi},
  journal={J. Acoust. Soc. Jpn. (E)},
  volume={20},
  number={6},
  pages={397--406},
  year={1999},
  doi={/10.1250/ast.20.397},
  publisher={Acoustical Society of Japan}
}
%   journal={Journal of the Acoustical Society of Japan (E)},



@misc{GitHub_amlab,
author={Toshio Irino and Katsuhiko Yamamoto},
title={Github AMLAB-Wakayama},
url={https://github.com/AMLAB-Wakayama/},
year={2018},
note={(Last: 9 Dec. 2024)}
}


@_misc{GitHub_WHIS,
author={Toshio Irino},
title={Github repository: WHIS},
url={https://github.com/AMLAB-Wakayama/WHIS/},
year={2021},
note={(Last: 12 Feb 2022)}
  }
  

@misc{GitHub_GCFB,
author={Toshio Irino and Katsuhiko Yamamoto},
title={Github repository: gammachirp filterbank},
url={https://github.com/AMLAB-Wakayama/gammachirp-filterbank/},
year={2021},
note={(Last: 12 Feb 2022)}
}


@inproceedings{irino2020speech,
  title={Speech clarity improvement by vocal self-training using a hearing impairment simulator and its correlation with an auditory modulation index.},
  author={Irino, Toshio and Higashiyama, Soichi and Yoshigi, Hanako},
  booktitle={Proc. Interspeech 2020},
  pages={2507--2511},
  doi={10.21437/Interspeech.2020-1081},
  year={2020}
}


@article{iso7029,
author={{ISO 7029:2017}},
title={Acoustics — Statistical distribution of hearing thresholds related to age and gender},
  publisher={ISO},
 url={https://www.iso.org/standard/42916.html},
 year={2017}
}





%%% yamakatsu SpCom19 %%%%%%%%%%%%%%%%%%%%%%%%%%%%%%%%%




@article{Dubbelboer2007,
    title = {{A detailed study on the effects of noise on speech intelligibility}},
    year = {2007},
    journal = {J. Acoust. Soc. Am.},
    author = {Dubbelboer, Finn and Houtgast, Tammo},
    number = {5},
    pages = {2865},
    volume = {122},
    url = {http://scitation.aip.org/content/asa/journal/jasa/122/5/10.1121/1.2783131},
    doi = {10.1121/1.2783131},
    issn = {00014966}
}

@article{Mickes2007,
    title = {{A direct test of the unequal-variance signal detection model of recognition memory}},
    year = {2007},
    journal = {Psychonomic Bulletin {\&} Review},
    author = {Mickes, Laura and Wixted, John and Wais, Peter},
    number = {5},
    pages = {858--865},
    volume = {14},
    doi = {10.3758/BF03194112},
    issn = {1069-9384},
    pmid = {18087950},
    keywords = {Episodic Memory, ROC, Recognition Memory, Signal Detection Theory, Unequal-Variance Model}
}

%     url = {http://dx.doi.org/10.3758/BF03194112%5Cnpapers2://publication/doi/10.3758/BF03194112},


@article{Cooke2006,
    title = {{A glimpsing model of speech perception in noise}},
    year = {2006},
    journal = {J. Acoust. Soc. Am.},
    author = {Cooke, Martin},
    number = {3},
    pages = {1562--1573},
    volume = {119},
    url = {http://scitation.aip.org/content/asa/journal/jasa/119/3/10.1121/1.2166600},
    doi = {10.1121/1.2166600},
    issn = {00014966}
}

@inproceedings{Furui2000,
    title = {{A Japanese National Project on Spontaneous Speech Corpus and Processing Technology}},
    year = {2000},
    booktitle = {ASR2000 - Automatic Speech Recognition: Challenges for the new Millenium},
    author = {Furui, Sadaoki and Maekawa, Kikuo and Isahara, Hitoshi},
    pages = {244--248},
    url = {https://www.isca-speech.org/archive_open/asr2000/asr0_244.html},
    address = {Paris, France}
}

@article{Payton1999,
    title = {{A method to determine the speech transmission index from speech waveforms.}},
    year = {1999},
    journal = {J. Acoust. Soc. Am.},
    author = {Payton, K L and Braida, L D},
    number = {6},
    pages = {3637--3648},
    volume = {106},
    isbn = {doi:10.1121/1.428216},
    doi = {10.1121/1.428216},
    issn = {00014966},
    pmid = {10615702}
}

@article{jorgensen2013multi,
    title = {{A multi-resolution envelope-power based model for speech intelligibility}},
    year = {2013},
    journal = {J. Acoust. Soc. Am.},
    author = {J{\o}rgensen, S{\o}ren and Ewert, Stephan D and Dau, Torsten},
    number = {1},
    month = {7},
    pages = {436--446},
    volume = {134},
    url = {http://www.ncbi.nlm.nih.gov/pubmed/23862819},
    doi = {10.1121/1.4807563},
    issn = {1520-8524},
    pmid = {23862819},
    keywords = {Acoustic Stimulation, Adult, Humans, Male, Models, Nonlinear Dynamics, Perceptual Masking, Psychoacoustics, Social Environment, Sound Spectrography, Speech Acoustics, Speech Perception, Theoretical}
}

@inproceedings{Smaragdis2017,
    title = {{A neural network alternative to non-negative audio models}},
    year = {2017},
    booktitle = {IEEE International Conference on Acoustics, Speech and Signal Processing (ICASSP) 2017},
    author = {Smaragdis, Paris and Venkataramani, Shrikant},
    pages = {86--90},
    publisher = {IEEE},
    url = {https://doi.org/10.1109/ICASSP.2017.7952123},
    address = {New Orleans},
    isbn = {978-1-5090-4117-6},
    doi = {10.1109/ICASSP.2017.7952123}
}

@inproceedings{Falk2008,
    title = {{A non-intrusive quality measure of dereverberated speech}},
    year = {2008},
    booktitle = {International Workshop on Acoustic Echo and Noise Control (IWAENC 2018)},
    author = {Falk, Tiago H. and Chan, Wai-Yip},
    number = {7},
    pages = {4--7},
    volume = {18},
    url = {http://musaelab.ca/pdfs/C24.pdf},
    doi = {10.1109/TASL.2010.2052247},
    issn = {1558-7916}
}

@article{Steeneken1980,
    title = {{A physical method for measuring speech-transmission quality}},
    year = {1980},
    journal = {J. Acoust. Soc. Am.},
    author = {Steeneken, H. J. M. and Houtgast, T.},
    number = {1},
    pages = {318--326},
    volume = {67},
    url = {http://scitation.aip.org/content/asa/journal/jasa/67/1/10.1121/1.384464},
    doi = {10.1121/1.384464},
    issn = {00014966}
}

@article{hayter1984,
    title = {{A Proof of the Conjecture that the Tukey-Kramer Multiple Comparisons Procedure is Conservative}},
    year = {1984},
    journal = {The Annals of Statistics},
    author = {Hayter, Anthony J},
    number = {1},
    pages = {61--75},
    volume = {12},
    publisher = {The Institute of Mathematical Statistics},
    url = {https://doi.org/10.1214/aos/1176346392},
    doi = {10.1214/aos/1176346392}
}

@article{Dau1996,
    title = {{A quantitative model of the ‘‘effective’’ signal processing in the auditory system. I. Model structure}},
    year = {1996},
    journal = {J. Acoust. Soc. Am.},
    author = {Dau, Torsten},
    number = {6},
    pages = {3615},
    volume = {99},
    url = {http://scitation.aip.org/content/asa/journal/jasa/99/6/10.1121/1.414959},
    doi = {10.1121/1.414959},
    issn = {00014966}
}

@article{Houtgast1985,
    title = {{A review of the MTF concept in room acoustics and its use for estimating speech intelligibility in auditoria}},
    year = {1985},
    journal = {J. Acoust. Soc. Am.},
    author = {Houtgast, T. and Steeneken, H. J. M.},
    number = {3},
    month = {3},
    pages = {1069--1077},
    volume = {77},
    url = {http://asa.scitation.org/doi/10.1121/1.392224},
    doi = {10.1121/1.392224},
    issn = {0001-4966}
}

@inproceedings{Fujimoto2011,
    title = {{A robust estimation method of noise mixture model for noise suppression}},
    year = {2011},
    booktitle = {Proc. Interspeech 2011},
    author = {Fujimoto, M and Watanabe, S and Nakatani, T},
    number = {August},
    pages = {697--700},
    url = {https://www.scopus.com/inward/record.url?eid=2-s2.0-84865745040&partnerID=40&md5=71bb4e64aae8bf6937ff8fdbe0a3ef8b},
    isbn = {19909772 (ISSN)},
    keywords = {MMSE estimation Noise model estimation Noise suppr}
}

@article{Nelder1965,
    title = {{A Simplex Method for Function Minimization}},
    year = {1965},
    journal = {The Computer Journal},
    author = {Nelder, J. A. and Mead, R.},
    number = {4},
    month = {1},
    pages = {308--313},
    volume = {7},
    url = {http://comjnl.oxfordjournals.org/cgi/content/long/7/4/308},
    doi = {10.1093/comjnl/7.4.308},
    issn = {0010-4620}
}

@article{Elhilali2003,
    title = {{A spectro-temporal modulation index (STMI) for assessment of speech intelligibility}},
    year = {2003},
    journal = {Speech Commun.},
    author = {Elhilali, Mounya and Chi, Taishih and Shamma, Shihab A.},
    pages = {331--348},
    volume = {41},
    isbn = {0167-6393},
    doi = {10.1016/S0167-6393(02)00134-6},
    issn = {01676393},
    pmid = {184971900004},
    keywords = {Modulation transfer function, STMI, Spectro-temporal modulations, Speech intelligibility}
}

@article{Rhebergen2005,
    title = {{A speech intelligibility index-based approach to predict the speech reception threshold for sentences in fluctuating noise for normal-hearing listeners.}},
    year = {2005},
    journal = {J. Acoust. Soc. Am.},
    author = {Rhebergen, Koenraad S and Versfeld, Niek J},
    number = {4 Pt 1},
    pages = {2181--2192},
    volume = {117},
    isbn = {00014966},
    doi = {10.1121/1.1861713},
    issn = {00014966},
    pmid = {15898659}
}

@inproceedings{Fujimoto2009,
    title = {{A study of mutual front-end processing method based on statistical model for noise robust speech recognition}},
    year = {2009},
    booktitle = {Proc. Interspeech 2009},
    author = {Fujimoto, Masakiyo and Ishizuka, Kentaro and Nakatani, Tomohiro},
    number = {September 2009},
    pages = {1235--1238}
}



@inproceedings{Moreno1996,
    title = {{A vector Taylor series approach for environment-independent speech recognition}},
    year = {1996},
    booktitle = {IEEE International Conference on Acoustics, Speech, and Signal Processing Conference 1996},
    author = {Moreno, P.J. and Raj, B. and Stern, R.M.},
    pages = {733--736},
    volume = {2},
    isbn = {0-7803-3192-3},
    doi = {10.1109/ICASSP.1996.543225},
    issn = {1520-6149}
}

@article{Krause2004,
    title = {{Acoustic properties of naturally produced clear speech at normal speaking rates}},
    year = {2004},
    journal = {J. Acoust. Soc. Am.},
    author = {Krause, Jean C. and Braida, Louis D.},
    number = {1},
    month = {1},
    pages = {362--378},
    volume = {115},
    url = {http://asa.scitation.org/doi/10.1121/1.1635842},
    doi = {10.1121/1.1635842},
    issn = {0001-4966}
}

@article{Widrow1975,
    title = {{Adaptive noise cancelling: Principles and applications}},
    year = {1975},
    journal = {Proceedings of the IEEE},
    author = {Widrow, B. and Glover, J.R. and McCool, J.M. and Kaunitz, J. and Williams, C.S. and Hearn, R.H. and Zeidler, J.R. and Eugene Dong, Jr. and Goodlin, R.C.},
    number = {12},
    pages = {1692--1716},
    volume = {63},
    url = {http://ieeexplore.ieee.org/lpdocs/epic03/wrapper.htm?arnumber=1451965},
    doi = {10.1109/PROC.1975.10036},
    issn = {0018-9219}
}

@inproceedings{Lyon1997,
    title = {{All-Pole Models of Auditory Filtering}},
    year = {1997},
    booktitle = {{\ldots} mechanics},
    author = {Lyon;, R. F.},
    pages = {205--211},
    publisher = {World Scientific Publishing},
    url = {http://scholar.google.com/scholar?hl=en&btnG=Search&q=intitle:Diversity+in+Auditory+Mechanics#0},
    address = {Singapore}
}

%    title = {{An algorithm for intelligibility prediction of time-frequency weighted noisy speech}},

%%%% STOI %%%%
@article{taal2011algorithm,  
    title = {{An algorithm for intelligibility prediction of time-frequency weighted noisy speech}},
    year = {2011},
    journal = {IEEE Tran. ASLP},
    author = {Taal, Cees H. and Hendriks, Richard C. and Heusdens, Richard and Jensen, Jesper},
    number = {7},
    pages = {2125--2136},
    volume = {19},
    isbn = {1558-7916},
    doi = {10.1109/TASL.2011.2114881},
    issn = {15587916},
    pmid = {22087929},
    keywords = {Noise reduction, objective measure, speech enhancement, speech intelligibility prediction}
}

%    title = {{An Algorithm for Predicting the Intelligibility of Speech Masked by Modulated Noise Maskers}},
    
@article{jensen2016algorithm,
title = {{An Algorithm for Predicting the Intelligibility of Speech Masked by Modulated Noise Maskers}},
    year = {2016},
    journal = {IEEE/ACM Trans. ASLP},
    author = {Jensen, J and Taal, C H},
    number = {11},
    pages = {2009--2022},
    volume = {24},
    doi = {10.1109/TASLP.2016.2585878},
    issn = {2329-9290 VO - 24},
    keywords = {Correlation, ESTOI, Indexes, Modulated noise sources, Modulation, Noise measurement, Prediction algorithms, Speech, Speech processing, extended STOI algorithm, intelligibility listening test, monaural intelligibility prediction algorithm, noise masker modulation, noise reduction, objective distortion measures, short-time objective intelligibility algorithm, short-time spectrogram orthogonal decomposition, spectral correlation, speech enhancement, speech intelligibility, speech intelligibility prediction, speech processing, speech processing algorithm, time-frequency analysis, time-frequency weighting}
}

@techreport{Patterson1987,
    title = {{An efficient auditory filterbank based on the gammatone function}},
    year = {1987},
    booktitle = {SVOS final report},
    author = {Patterson, Roy D. and Nimmo-Smith, Ian and Holdsworth, John and Rice, Peter},
    chapter = {Annex B},
    number = {December},
    pages = {2341},
    url = {http://www.pdn.cam.ac.uk/groups/cnbh/research/publications/pdfs/SVOS Annex B 1988.pdf},
    institution = {MRC Applied Psychology Unit}
}

@inproceedings{Baker1998,
    title = {{An efficient characterisation of human auditory filtering ... In: Psychophysical and physiological advances in hearing}},
    year = {1998},
    booktitle = {11th International Symposium on Hearing},
    author = {Baker, R. J. and Rosen, S. and Darling, A. M.},
    pages = {81--88},
    address = {Wurr, London}
}

@inproceedings{Taghia2011,
    title = {{An evaluation of noise power spectral density estimation algorithms in adverse acoustic environments}},
    year = {2011},
    booktitle = {IEEE International Conference on Acoustics, Speech and Signal Processing 2011},
    author = {Taghia, Jalal and Taghia, Jalil and Mohammadiha, Nasser and Sang, Jinqiu and Bouse, Vaclav and Martin, Rainer},
    number = {April 2014},
    pages = {4640--4643},
    isbn = {978-1-4577-0537-3},
    doi = {10.1109/ICASSP.2011.5947389},
    issn = {1520-6149},
    keywords = {Noise power estimation, speech enhancement}
}

@article{Xu2014,
    title = {{An Experimental Study on Speech Enhancement Based on Deep Neural Networks}},
    year = {2014},
    journal = {IEEE Signal Processing Letters},
    author = {Xu, Y and Du, J and Dai, L and Lee, C},
    number = {1},
    month = {1},
    pages = {65--68},
    volume = {21},
    doi = {10.1109/LSP.2013.2291240},
    issn = {1070-9908},
    keywords = {DNN learning process, Data models, Deep neural networks, Neural networks, Noise, Noise measurement, Speech, Speech enhancement, Training, acoustic context, deep neural networks, large training set, learning (artificial intelligence), logarithmic minimum mean square error approach, multicondition training, multiple-layer deep architecture, neural nets, noise reduction, nonlinear mapping, regression model, regression-based speech enhancement framework, speech enhancement}
}

@inproceedings{Santos2014,
    title = {{An improved non-intrusive intelligibility metric for noisy and reverberant speech}},
    year = {2014},
    booktitle = {2014 14th International Workshop on Acoustic Signal Enhancement (IWAENC)},
    author = {Santos, João and Senoussaoui, Mohammed and Falk, Tiago},
    month = {9},
    pages = {55--59},
    doi = {10.1109/IWAENC.2014.6953337}
}

@book{Pickles2013,
    title = {{An Introduction to the Physiology of Hearing}},
    year = {2013},
    author = {Pickles, James},
    edition = {4th},
    publisher = {Brill},
    url = {https://brill.com/view/title/24209},
    address = {Leiden, The Netherlands},
    isbn = {978-90-04-24377-4}
}


@article{Yamamoto2016analysis,
    title = {{Analysis of acoustic features for speech intelligibility prediction models}},
    year = {2016},
    journal = {J. Acoust. Soc. Am.},
    author = {Yamamoto, Katsuhiko and Irino, Toshio and Matsui, Toshie and Araki, Shoko and Kinoshita, Keisuke and Nakatani, Tomohiro},
    number = {4},
    month = {10},
    pages = {3114},
    volume = {140},
    url = {http://asa.scitation.org/doi/10.1121/1.4969744},
    doi = {10.1121/1.4969744},
    issn = {0001-4966}
}

@article{Goldsworthy2004,
    title = {{Analysis of speech-based speech transmission index methods with implications for nonlinear operations}},
    year = {2004},
    journal = {J. Acoust. Soc. Am.},
    author = {Goldsworthy, Ray L. and Greenberg, Julie E.},
    number = {6},
    month = {12},
    pages = {3679--3689},
    volume = {116},
    url = {http://asa.scitation.org/doi/10.1121/1.1804628},
    doi = {10.1121/1.1804628},
    issn = {0001-4966}
}

@article{doi:10.1044/jshr.2904.447,
    title = {{Application of the Articulation Index and the Speech Transmission Index to the Recognition of Speech by Normal-Hearing and Hearing-Impaired Listeners}},
    year = {1986},
    journal = {Journal of Speech, Language, and Hearing Research},
    author = {Humes, Larry E and Dirks, Donald D and Bell, Theodore S and Ahlstbom, Christopher and Kincaid, Gail E},
    number = {4},
    pages = {447--462},
    volume = {29},
    url = {+ http://dx.doi.org/10.1044/jshr.2904.447},
    doi = {10.1044/jshr.2904.447}
}

@book{Allen2005,
    title = {{Articulation and Intelligibility}},
    year = {2005},
    booktitle = {Synthesis Lectures on Speech and Audio Processing},
    author = {Allen, Jont B.},
    number = {1},
    month = {1},
    pages = {1--124},
    volume = {1},
    publisher = {Morgan {\&} Claypool Publishers},
    url = {http://www.morganclaypool.com/doi/abs/10.2200/S00004ED1V01Y200508SAP001},
    doi = {10.2200/S00004ED1V01Y200508SAP001},
    issn = {1932-121X},
    keywords = {Speech recognition, articulation index, confusion matrix, context models, events, features, phone recognition, robust speech recognition}
}

@article{Varga1993,
    title = {{Assessment for automatic speech recognition: II. NOISEX-92: A database and an experiment to study the effect of additive noise on speech recognition systems}},
    year = {1993},
    journal = {Speech Commun.},
    author = {Varga, Andrew and Steeneken, Herman J M},
    number = {3},
    pages = {247--251},
    volume = {12},
    url = {http://www.sciencedirect.com/science/article/pii/0167639393900953},
    doi = {https://doi.org/10.1016/0167-6393(93)90095-3},
    issn = {0167-6393},
    keywords = {Speech recognizer assessment, additive noise, calibrated data base}
}

@book{Makino2018,
    title = {{Audio Source Separation}},
    year = {2018},
    editor = {Makino, Shoji},
    edition = {1},
    pages = {1--385},
    publisher = {Springer International Publishing},
    url = {http://link.springer.com/10.1007/978-3-319-73031-8},
    isbn = {978-3-319-73030-1},
    doi = {10.1007/978-3-319-73031-8}
}

@article{Fletcher1940,
    title = {{Auditory Patterns}},
    year = {1940},
    journal = {Reviews of Modern Physics},
    author = {Fletcher, Harvey},
    number = {1},
    month = {1},
    pages = {47--65},
    volume = {12},
    publisher = {American Physical Society},
    url = {https://link.aps.org/doi/10.1103/RevModPhys.12.47},
    doi = {10.1103/RevModPhys.12.47},
    issn = {0034-6861}
}

@incollection{Meddis2010auditory,
    title = {{Auditory Periphery: From Pinna to Auditory Nerve}},
    year = {2010},
    booktitle = {Computational Models of the Auditory System},
    author = {Meddis, Ray and Lopez-Poveda, Enrique A.},
    editor = {Meddis, Ray and Lopez-Poveda, Enrique and Fay, Richard R. and Popper, Arthur N.},
    chapter = {2},
    pages = {7--38},
    url = {http://link.springer.com/10.1007/978-1-4419-5934-8_2},
    doi = {10.1007/978-1-4419-5934-8{\_}2}
}

@article{Johnstone1986,
    title = {{Basilar membrane measurements and the travelling wave}},
    year = {1986},
    journal = {Hearing Research},
    author = {Johnstone, B.M. and Patuzzi, R. and Yates, G.K.},
    number = {1-3},
    month = {1},
    pages = {147--153},
    volume = {22},
    publisher = {Elsevier},
    url = {https://www.sciencedirect.com/science/article/pii/0378595586900900},
    doi = {10.1016/0378-5955(86)90090-0},
    issn = {0378-5955}
}

@inproceedings{Baby2018,
    title = {{Biophysically-inspired Features Improve the Generalizability of Neural Network-based Speech Enhancement Systems}},
    year = {2018},
    booktitle = {Proc. Interspeech 2018},
    author = {Baby, Deepak and Verhulst, Sarah},
    publisher = {ISCA},
    url = {http://dx.doi.org/10.21437/interspeech.2018-1237}
}

@article{Lyon2011,
    title = {{Cascades of two-pole–two-zero asymmetric resonators are good models of peripheral auditory function}},
    year = {2011},
    journal = {J. Acoust. Soc. Am.},
    author = {Lyon, Richard F.},
    number = {6},
    pages = {3893--3904},
    volume = {130},
    url = {http://asa.scitation.org/doi/10.1121/1.3658470},
    doi = {10.1121/1.3658470},
    issn = {0001-4966},
    pmid = {22225045}
}

@article{Ewert2000,
    title = {{Characterizing frequency selectivity for envelope fluctuations}},
    year = {2000},
    journal = {J. Acoust. Soc. Am.},
    author = {Ewert, Stephan D. and Dau, Torsten},
    number = {3},
    pages = {1181},
    volume = {108},
    url = {http://scitation.aip.org/content/asa/journal/jasa/108/3/10.1121/1.1288665},
    isbn = {0001-4966 (Print){\textbackslash}r0001-4966 (Linking)},
    doi = {10.1121/1.1288665},
    issn = {00014966},
    pmid = {11008819}
}

@book{Schreiner1984,
    title = {{Coding of temporal patterns in the central auditory system}},
    year = {1984},
    booktitle = {Auditory Function: Neurobiological Bases of Hearing},
    author = {Schreiner, C E and Langner, G},
    number = {January},
    pages = {337--361}
}

@article{kates2005coherence,
    title = {{Coherence and the speech intelligibility index}},
    year = {2005},
    journal = {J. Acoust. Soc. Am.},
    author = {Kates, James M and Arehart, Kathryn H},
    number = {4 Pt 1},
    pages = {2224--2237},
    volume = {117},
    isbn = {00014966},
    doi = {10.1121/1.1862575},
    issn = {00014966},
    pmid = {15898663}
}

@article{kates2014hearing,
  title={{The hearing-aid speech perception index (HASPI)}},
  author={Kates, James M and Arehart, Kathryn H},
  journal={Speech Communication},
  volume={65},
  pages={75--93},
  year={2014},
    doi={10.1016/j.specom.2014.06.002},
  publisher={Elsevier}
}


@article{kates2015comparing,
    title = {{Comparing the information conveyed by envelope modulation for speech intelligibility, speech quality, and music quality}},
    year = {2015},
    journal = {J. Acoust. Soc. Am.},
    author = {Kates, James M. and Arehart, Kathryn H.},
    number = {4},
    pages = {2470--2482},
    volume = {138},
    url = {http://asa.scitation.org/doi/10.1121/1.4931899},
    isbn = {1520-8524 (Electronic) 0001-4966 (Linking)},
    doi = {10.1121/1.4931899},
    issn = {0001-4966},
    pmid = {26520329}
}

@article{unoki2006comparison,
    title = {{Comparison of the roex and gammachirp filters as representations of the auditory filter}},
    year = {2006},
    journal = {J. Acoust. Soc. Am.},
    author = {Unoki, Masashi and Irino, Toshio and Glasberg, Brian and Moore, Brian C J and Patterson, Roy D},
    number = {3},
    pages = {1474--1492},
    volume = {120},
    isbn = {0001-4966 (Print)},
    doi = {10.1121/1.2228539},
    issn = {00014966},
    pmid = {17004470}
}


@book{Bacon2013,
    title = {{Compression: From Cochlea to Cochlear Implants}},
    year = {2013},
    author = {Bacon, S and Fay, R R},
    editor = {Popper, Arthur N},
    series = {Springer Handbook of Auditory Research},
    publisher = {Springer New York},
    url = {https://books.google.co.jp/books?id=mnwQswEACAAJ},
    isbn = {9781475780550}
}

@inproceedings{Maekawa2003,
    title = {{Corpus of Spontaneous Japanese: Its design and evaluation}},
    year = {2003},
    booktitle = {ISCA and IEEE Workshop on Spontaneous Speech Processing and Recognition (SSPR2003)},
    author = {Maekawa, Kikuo},
    pages = {7--12},
    url = {https://www.isca-speech.org/archive_open/sspr2003/index.html},
    address = {Tokyo, Japan}
}

@article{glasberg1990derivation,
    title = {{Derivation of auditory filter shapes from notched-noise data}},
    year = {1990},
    journal = {Hearing Research},
    author = {Glasberg, Brian R and Moore, Brian C.J},
    number = {1-2},
    month = {8},
    pages = {103--138},
    volume = {47},
    publisher = {Elsevier},
    url = {https://www.sciencedirect.com/science/article/pii/037859559090170T},
    doi = {10.1016/0378-5955(90)90170-T},
    issn = {0378-5955}
}

@article{Hall1984,
    title = {{Detection in noise by spectro‐temporal pattern analysis}},
    year = {1984},
    journal = {J. Acoust. Soc. Am.},
    author = {Hall, Joseph W. and Haggard, Mark P. and Fernandes, Mariano A.},
    number = {1},
    month = {7},
    pages = {50--56},
    volume = {76},
    url = {http://asa.scitation.org/doi/10.1121/1.391005},
    doi = {10.1121/1.391005},
    issn = {0001-4966}
}

@article{Penner1977,
    title = {{Detection of temporal gaps in noise as a measure of the decay of auditory sensation}},
    year = {1977},
    journal = {J. Acoust. Soc. Am.},
    author = {Penner, M. J.},
    number = {2},
    month = {2},
    pages = {552--557},
    volume = {61},
    url = {http://asa.scitation.org/doi/10.1121/1.381297},
    doi = {10.1121/1.381297},
    issn = {0001-4966}
}

@article{Nakajima2009,
    title = {{Differential intracochlear sound pressure measurements in normal human temporal bones}},
    year = {2009},
    journal = {JARO - Journal of the Association for Research in Otolaryngology},
    author = {Nakajima, Hideko Heidi and Dong, Wei and Olson, Elizabeth S. and Merchant, Saumil N. and Ravicz, Michael E. and Rosowski, John J.},
    number = {1},
    pages = {23--36},
    volume = {10},
    isbn = {1438-7573 (Electronic) 1438-7573 (Linking)},
    doi = {10.1007/s10162-008-0150-y},
    issn = {15253961},
    pmid = {19067078},
    keywords = {Cochlea, Cochlear impedance, Middle ear, Scala tympani, Scala vestibuli, Stapes velocity}
}

@inproceedings{Weninger2014,
    title = {{Discriminative NMF and its application to single-channel source separation}},
    year = {2014},
    booktitle = {Proc. Interspeech 2014},
    author = {Weninger, F and Le Roux, Jonathan and Hershey, John and Watanabe, Shinji},
    pages = {865--869}
}

@inproceedings{Fiedler2016,
    title = {{Ear-EEG allows extraction of neural responses in challenging listening scenarios — A future technology for hearing aids?}},
    year = {2016},
    booktitle = {2016 38th Annual International Conference of the IEEE Engineering in Medicine and Biology Society (EMBC)},
    author = {Fiedler, L and Obleser, J and Lunner, T and Graversen, C},
    pages = {5697--5700},
    doi = {10.1109/EMBC.2016.7592020},
    issn = {1558-4615},
    keywords = {Adult, Auditory, Auditory Perception, Brain-Computer Interfaces, Ear, Ear Canal, Electrodes, Electroencephalography, Evoked Potentials, Feature extraction, Hearing Aids, Hearing aids, Humans, Irrigation, Male, Middle Aged, Scalp, Speech, Young Adult, auditory evoked potentials, auditory steady state responses, auditory stimuli, biomedical electrodes, brain-computer interface research, continuous-speech design, discrete event related potentials, ear, ear canal, electroencephalography, feature extraction, hearing aids, medical signal processing, mobile electroencephalography recording, neural feature extraction, neural response extraction, neural-tracking responses, neurophysiology, reference electrodes, scalp EEG recording, speech, wearable sensors}
}

@article{Drullman1994b,
    title = {{Effect of reducing slow temporal modulations on speech reception}},
    year = {1994},
    journal = {J. Acoust. Soc. Am.},
    author = {Drullman, Rob and Festen, Joost M. and Plomp, Reinier},
    number = {5},
    month = {5},
    pages = {2670--2680},
    volume = {95},
    url = {http://asa.scitation.org/doi/10.1121/1.409836},
    doi = {10.1121/1.409836},
    issn = {0001-4966}
}

@article{Drullman1994a,
    title = {{Effect of temporal envelope smearing on speech reception}},
    year = {1994},
    journal = {J. Acoust. Soc. Am.},
    author = {Drullman, Rob},
    number = {2},
    pages = {1053},
    volume = {95},
    url = {http://scitation.aip.org/content/asa/journal/jasa/95/2/10.1121/1.408467},
    isbn = {0001-4966},
    doi = {10.1121/1.408467},
    issn = {00014966},
    pmid = {8473608}
}

@article{Fasten1990,
    title = {{Effects of fluctuating noise and interfering speech on the speech‐reception threshold for impaired and normal hearing}},
    year = {1990},
    journal = {J. Acoust. Soc. Am.},
    author = {Festen, Joost M. and Plomp, Reinier},
    number = {4},
    month = {10},
    pages = {1725--1736},
    volume = {88},
    url = {http://asa.scitation.org/doi/10.1121/1.400247},
    doi = {10.1121/1.400247},
    issn = {0001-4966}
}

@article{Summers1988,
    title = {{Effects of noise on speech production: Acoustic and perceptual analyses}},
    year = {1988},
    journal = {J. Acoust. Soc. Am.},
    author = {Summers, W. Van and Pisoni, David B. and Bernacki, Robert H. and Pedlow, Robert I. and Stokes, Michael A.},
    number = {3},
    month = {9},
    pages = {917--928},
    volume = {84},
    url = {http://asa.scitation.org/doi/10.1121/1.396660},
    doi = {10.1121/1.396660},
    issn = {0001-4966}
}

@article{Fu2018a,
    title = {{End-to-End Waveform Utterance Enhancement for Direct Evaluation Metrics Optimization by Fully Convolutional Neural Networks}},
    year = {2018},
    journal = {IEEE/ACM Transactions on Audio, Speech, and Language Processing},
    author = {Fu, S and Wang, T and Tsao, Y and Lu, X and Kawai, H},
    number = {9},
    pages = {1570--1584},
    volume = {26},
    doi = {10.1109/TASLP.2018.2821903},
    issn = {2329-9290},
    keywords = {learning (artificial intelligence);mean square err}
}

@inproceedings{Lim1979,
    title = {{Enhancement and bandwidth compression of noisy speech}},
    year = {1979},
    booktitle = {The IEEE},
    author = {Lim, J S and Oppenheim, A V},
    number = {12},
    pages = {1586--1604},
    volume = {67},
    doi = {10.1109/PROC.1979.11540},
    issn = {0018-9219},
    keywords = {Additive noise, Aircraft, Background noise, Bandwidth, Degradation, Monitoring, Narrowband, Poles and towers, Speech enhancement, Working environment noise}
}

@book{ISO_9921_2003,
    title = {{Ergonomics -- Assessment of speech communication}},
    year = {2003},
    author = {{ISO 9921}},
    pages = {28},
    publisher = {International Organization for Standardization},
    url = {https://www.iso.org/standard/33589.html},
    address = {Gen{\`{e}}ve, Switzerland}
}

@incollection{matsui2016effect,
  title={The Effect of Peripheral Compression on Syllable Perception Measured with a Hearing Impairment Simulator},
  author={Matsui, Toshie and Irino, Toshio and Nagae, Misaki and Kawahara, Hideki and Patterson, Roy D},
  booktitle={Physiology, Psychoacoustics and Cognition in Normal and Impaired Hearing},
  pages={307--314},
  year={2016},
doi={10.1007/978-3-319-25474-6_32},
  publisher={Springer, Cham}
}

@article{matsui2016estimation,
    title = {{Estimation of auditory compression and filter shape of elderly listeners using notched noise masking}},
    year = {2016},
    journal = {J. Acoust. Soc. Am.},
    author = {Matsui, Toshie and Irino, Toshio and Inabe, Hazuki and Nishimura, Yuri and Patterson, Roy D.},
    number = {4},
    month = {10},
    pages = {3274--3274},
    volume = {140},
    url = {http://asa.scitation.org/doi/10.1121/1.4970396},
    doi = {10.1121/1.4970396},
    issn = {0001-4966}
}

@inproceedings{Amano1998,
    title = {{Estimation of mental lexicon size with word familiarity database}},
    year = {1998},
    booktitle = {International Conference on Spoken Language Processing},
    author = {Amano, Shigeaki and Kondo, Tadahisa},
    pages = {2119--2122}
}

@article{Carter1973,
    title = {{Estimation of the magnitude-squared coherence function via overlapped fast Fourier transform processing}},
    year = {1973},
    journal = {IEEE Transactions on Audio and Electroacoustics},
    author = {Carter, G and Knapp, C and Nuttall, A},
    number = {4},
    pages = {337--344},
    volume = {21},
    doi = {10.1109/TAU.1973.1162496},
    issn = {0018-9278},
    keywords = {Analysis of variance, Density functional theory, Fast Fourier transforms, Frequency estimation, Gaussian processes, History, Laboratories, Random processes, Statistical analysis, Water storage}
}

@article{Cooke2013,
    title = {{Evaluating the intelligibility benefit of speech modifications in known noise conditions}},
    year = {2013},
    journal = {Speech Commun.},
    author = {Cooke, Martin and Mayo, Catherine and Valentini-Botinhao, Cassia and Stylianou, Yannis and Sauert, Bastian and Tang, Yan},
    number = {4},
    pages = {572--585},
    volume = {55},
    url = {http://dx.doi.org/10.1016/j.specom.2013.01.001},
    isbn = {9781457705397},
    doi = {10.1016/j.specom.2013.01.001},
    issn = {01676393},
    keywords = {Speech intelligibility, Speech modification, Synthetic speech}
}

@article{Lim1978,
    title = {{Evaluation of a correlation subtraction method for enhancing speech degraded by additive white noise}},
    year = {1978},
    journal = {IEEE Transactions on Acoustics, Speech, and Signal Processing},
    author = {Lim, Jae},
    number = {5},
    pages = {471--472},
    volume = {26},
    doi = {10.1109/TASSP.1978.1163129},
    issn = {0096-3518},
    keywords = {Additive white noise, Background noise, Degradation, Gaussian noise, Noise reduction, Performance evaluation, Speech analysis, Speech enhancement, Speech processing, Testing}
}

@article{Ludvigsen1993,
    title = {{Evaluation of a noise reduction method: Comparison between observed scores and scores predicted from STI.}},
    year = {1993},
    journal = {Scandinavian Audiology},
    author = {Ludvigsen, Carl and Elberling, Claus and Keidser, Gitte},
    number = {Suppl 38},
    pages = {50--55},
    volume = {22},
    publisher = {Scandinavian University Press},
    address = {Norway},
    issn = {0105-0397(Print)},
    keywords = {*Algorithms, *Auditory Stimulation, *Partially Hearing Impaired, *Speech Perception, *Statistical Validity, Measurement}
}

@book{bekesy1960xperiments,
    title = {{Experiments in hearing}},
    year = {1960},
    author = {Von B{\'{e}}k{\'{e}}sy, G},
    series = {McGraw-Hill series in psychology},
    publisher = {McGraw-Hill},
    url = {https://books.google.co.jp/books?id=l-pqAAAAMAAJ}
}


@book{von1990experiments,
  title={Experiments in hearing},
  author={von\;B{\'e}k{\'e}sy, Gerog and Peake, William T},
  year={1990},
  publisher={Acoustical Society of America}
}


@article{Gallun2008,
    title = {{Exploring the Role of the Modulation Spectrum in Phoneme Recognition}},
    year = {2008},
    journal = {Ear and Hearing},
    author = {Gallun, Frederick and Souza, Pamela},
    number = {5},
    month = {10},
    pages = {800--813},
    volume = {29},
    url = {https://insights.ovid.com/crossref?an=00003446-200810000-00012},
    doi = {10.1097/AUD.0b013e31817e73ef},
    issn = {0196-0202}
}

@article{Rhebergen2006,
    title = {{Extended speech intelligibility index for the prediction of the speech reception threshold in fluctuating noise}},
    year = {2006},
    journal = {J. Acoust. Soc. Am.},
    author = {Rhebergen, Koenraad S. and Versfeld, Niek J. and Dreschler, Wouter. A.},
    number = {6},
    month = {12},
    pages = {3988--3997},
    volume = {120},
    url = {http://asa.scitation.org/doi/10.1121/1.2358008},
    doi = {10.1121/1.2358008},
    issn = {0001-4966}
}

@article{kramer1956extension,
    title = {{Extension of multiple range tests to group means with unequal numbers of replications}},
    year = {1956},
    journal = {Biometrics},
    author = {Kramer, Clyde Young},
    number = {3},
    pages = {307--310},
    volume = {12},
    publisher = {JSTOR}
}

@inproceedings{Roweis2003,
    title = {{Factorial models and refiltering for speech separation and denoising}},
    year = {2003},
    booktitle = {Eurospeech 2003},
    author = {Roweis, Sam},
    pages = {1009--1012},
    url = {http://citeseerx.ist.psu.edu/viewdoc/summary?doi=10.1.1.4.5650},
    doi = {citeulike-article-id:2283143},
    keywords = {6820, hmm, model, separation}
}

@article{French1947,
    title = {{Factors Governing the Intelligibility of Speech Sounds}},
    year = {1947},
    journal = {J. Acoust. Soc. Am.},
    author = {French, N. R. and Steinberg, J. C.},
    number = {1},
    month = {1},
    pages = {90--119},
    volume = {19},
    url = {http://asa.scitation.org/doi/10.1121/1.1916407},
    doi = {10.1121/1.1916407},
    issn = {0001-4966}
}

@article{Humes2002,
    title = {{Factors underlying the speech-recognition performance of elderly hearing-aid wearers}},
    year = {2002},
    journal = {J. Acoust. Soc. Am.},
    author = {Humes, Larry E},
    number = {3},
    pages = {1112--1132},
    volume = {112},
    isbn = {00014966},
    doi = {10.1121/1.1499132},
    issn = {00014966},
    pmid = {12243159}
}

@article{Wojtczak2005,
    title = {{Forward masking of amplitude modulation: Basic characteristics}},
    year = {2005},
    journal = {J. Acoust. Soc. Am.},
    author = {Wojtczak, Magdalena and Viemeister, Neal F.},
    number = {5},
    month = {11},
    pages = {3198--3210},
    volume = {118},
    url = {http://asa.scitation.org/doi/10.1121/1.2042970},
    doi = {10.1121/1.2042970},
    issn = {0001-4966}
}

@article{Fujimoto2012framewise,
    title = {{Frame-wise model re-estimation method based on Gaussian pruning with weight normalization for noise robust voice activity detection}},
    year = {2012},
    journal = {Speech Commun.},
    author = {Fujimoto, Masakiyo and Watanabe, Shinji and Nakatani, Tomohiro},
    number = {2},
    pages = {229--244},
    volume = {54},
    url = {http://www.sciencedirect.com/science/article/pii/S0167639311001312},
    doi = {https://doi.org/10.1016/j.specom.2011.08.005},
    issn = {0167-6393},
    keywords = {Gaussian pruning, Gaussian weight normalization, Posterior probability, Switching Kalman filter, Voice activity detection}
}

@article{Carney1999,
    title = {{Frequency glides in the impulse responses of auditory-nerve fibers.}},
    year = {1999},
    journal = {J. Acoust. Soc. Am.},
    author = {Carney, L H and McDuffy, M J and Shekhter, I},
    number = {4},
    pages = {2384--2391},
    volume = {105},
    isbn = {0001-4966 (Print)},
    doi = {10.1121/1.426843},
    issn = {00014966},
    pmid = {10212419}
}

@article{glasberg2000frequency,
    title = {{Frequency selectivity as a function of level and frequency measured with uniformly exciting notched noise}},
    year = {2000},
    journal = {J. Acoust. Soc. Am.},
    author = {Glasberg, Brian R. and Moore, Brian C. J.},
    number = {5},
    month = {11},
    pages = {2318--2328},
    volume = {108},
    url = {http://asa.scitation.org/doi/10.1121/1.1315291},
    doi = {10.1121/1.1315291},
    issn = {0001-4966}
}

@article{Houtgast1989,
    title = {{Frequency selectivity in amplitude‐modulation detection}},
    year = {1989},
    journal = {J. Acoust. Soc. Am.},
    author = {Houtgast, T.},
    number = {4},
    month = {4},
    pages = {1676--1680},
    volume = {85},
    url = {http://asa.scitation.org/doi/10.1121/1.397956},
    doi = {10.1121/1.397956},
    issn = {0001-4966}
}

@incollection{Moore2013-Chap03,
    title = {{Frequency Selectivity, Masking, and the Critical Band}},
    year = {2013},
    booktitle = {An Introduction to the Psychology of Hearing},
    author = {Moore, Brian C. J.},
    edition = {6th},
    pages = {67--132},
    publisher = {Brill},
    url = {https://books.google.co.jp/books?id=LM9U8e28pLMC},
    address = {Leiden, The Netherlands},
    isbn = {9781780520384}
}

@book{Kay1993,
    title = {{Fundamentals of Statistical Signal Processing: Estimation Theory}},
    year = {1993},
    author = {Kay, Steven M},
    publisher = {Prentice-Hall, Inc.},
    address = {Upper Saddle River, NJ, USA},
    isbn = {0-13-345711-7}
}

@misc{GitHub_GCFB2019,
    title = {{gammachirp-filterbank}},
    year = {2019},
    booktitle = {GitHub},
    author = {Irino, Toshio and Yamamoto, Katsuhiko},
    url = {https://github.com/AMLAB-Wakayama/gammachirp-filterbank},
    keywords = {auditory filterbank}
}

@misc{GitHub_GEDI2019,
    title = {{GEDI}},
    year = {2019},
    booktitle = {GitHub},
    author = {Yamamoto, Katsuhiko and Irino, Toshio and Araki, Shoko and Kinoshita, Keisuke and Nakatani, Tomohiro},
    url = {https://github.com/AMLAB-Wakayama/GEDI},
    keywords = {speech intelligibility}
}

@article{Kameoka2015,
    title = {{Generative modeling of voice fundamental frequency contours}},
    year = {2015},
    journal = {IEEE Transactions on Audio, Speech and Language Processing},
    author = {Kameoka, Hirokazu and Yoshizato, Kota and Ishihara, Tatxsuma and Kadowaki, Kento and Ohishi, Yasunori and Kashino, Kunio},
    number = {6},
    pages = {1042--1053},
    volume = {23},
    doi = {10.1109/TASLP.2015.2418576},
    issn = {15587916},
    keywords = {Expectation-maximization algorithm, Fujisaki model, prosody, voice fundamental frequency contour}
}

@article{Allen1996,
    title = {{Harvey Fletcher’s role in the creation of communication acoustics}},
    year = {1996},
    journal = {J. Acoust. Soc. Am.},
    author = {Allen, Jont B.},
    number = {4},
    pages = {1825--1839},
    volume = {99},
    url = {http://asa.scitation.org/doi/10.1121/1.415364},
    isbn = {0001-4966},
    doi = {10.1121/1.415364},
    issn = {0001-4966},
    pmid = {8730031}
}

@article{Kay1982,
    title = {{Hearing of modulation in sounds.}},
    year = {1982},
    journal = {Physiological Reviews},
    author = {Kay, R H},
    number = {3},
    pages = {894--975},
    volume = {62},
    url = {https://doi.org/10.1152/physrev.1982.62.3.894},
    doi = {10.1152/physrev.1982.62.3.894}
}

@inproceedings{yamamoto2015how,
    title = {How the slope of the speech spectrum affects the perception of speaker size},
    year = {2015},
    booktitle = {Proc. Interspeech 2015},
    author = {Yamamoto, Kodai and Irino, Toshio and Nisimura, Ryuichi and Kawahara, Hideki and Patterson, Roy D.},
    pages = {1556--1560},
    address = {Dresden, Germany},
    isbn = {0022-1465},
    doi = {10.1177/002214650404500204},
    issn = {19909772},
    pmid = {39352114},
    keywords = {Excitation pattern, Gammachirp auditory filterbank, Scale processing, Size perception}
}



@book{Lyon2017,
    title = {{Human and Machine Hearing}},
    year = {2017},
    author = {Lyon, Richard F.},
    publisher = {Cambridge University Press},
    url = {https://www.cambridge.org/core/product/identifier/9781139051699/type/book},
    address = {Cambridge, United Kingdom},
    isbn = {9781107007536},
    doi = {10.1017/9781139051699}
}

@article{Aibara2001,
    title = {{Human middle-ear sound transfer function and cochlear input impedance}},
    year = {2001},
    journal = {Hearing Research},
    author = {Aibara, Ryuichi and Welsh, Joseph T. and Puria, Sunil and Goode, Richard L.},
    number = {1-2},
    month = {2},
    pages = {100--109},
    volume = {152},
    publisher = {Elsevier},
    url = {https://www.sciencedirect.com/science/article/pii/S0378595500002409?via%3Dihub},
    doi = {10.1016/S0378-5955(00)00240-9},
    issn = {0378-5955}
}

@article{Dreschler2001,
    title = {{ICRA Noises: Artificial Noise Signals with Speech-like Spectral and Temporal Properties for Hearing Instrument Assessment}},
    year = {2001},
    journal = {Audiology},
    author = {Dreschler, Wouter A and Verschuure, Hans and Ludvigsen, Carl and Westermann, Søren},
    number = {3},
    month = {1},
    pages = {148--157},
    volume = {40},
    publisher = {Taylor {\&} Francis},
    url = {https://www.tandfonline.com/doi/abs/10.3109/00206090109073110},
    doi = {10.3109/00206090109073110},
    issn = {0020-6091}
}

@article{Unoki2001,
    title = {{Improvement of an IIR asymmetric compensation gammachirp filter.}},
    year = {2001},
    journal={Acoust. Sci. and Tech.},
    author = {Unoki, Masashi and Irino, Toshio and Patterson, Roy D.},
    number = {6},
    pages = {426--430},
    volume = {22},
    doi = {10.1250/ast.22.426},
    issn = {13463969},
    keywords = {auditory filter, filter, gammachirp, gammatone, iir asymmetric compensation filter}
}
    % journal = {Acoustical Science and Technology},


@article{Valentini-Botinhao2014,
    title = {{Intelligibility enhancement of HMM-generated speech in additive noise by modifying Mel cepstral coefficients to increase the glimpse proportion}},
    year = {2014},
    journal = {Computer Speech {\&} Language},
    author = {Valentini-Botinhao, Cassia and Yamagishi, Junichi and King, Simon and Maia, Ranniery},
    number = {2},
    month = {3},
    pages = {665--686},
    volume = {28},
    url = {http://www.sciencedirect.com/science/article/pii/S0885230813000466},
    doi = {10.1016/j.csl.2013.06.001},
    issn = {08852308},
    keywords = {Glimpse proportion measure, HMM-based speech synthesis, Intelligibility of speech in noise, Mel cepstral coefficients}
}

@inproceedings{Hodoshima2010,
    title = {{Intelligibility of speech spoken in noise/reverberation for older adults in reverberant environments.}},
    year = {2010},
    booktitle = {Proceedings of 20th International Congress on Acoustics, ICA 2010},
    author = {Hodoshima, Nao and Arai, Takayuki and Kurisu, Kiyohiro},
    pages = {1--6},
    url = {http://20.210-193-52.unknown.qala.com.sg/archive/archive_papers/interspeech_2012/i12_1464.pdf},
    isbn = {9781617827457}
}

@article{Dau1999,
    title = {{Intrinsic envelope fluctuations and modulation-detection thresholds for narrow-band noise carriers}},
    year = {1999},
    journal = {J. Acoust. Soc. Am.},
    author = {Dau, Torsten and Verhey, Jesko and Kohlrausch, Armin},
    number = {5},
    month = {11},
    pages = {2752--2760},
    volume = {106},
    url = {http://asa.scitation.org/doi/10.1121/1.428103},
    doi = {10.1121/1.428103},
    issn = {0001-4966}
}

@article{Giavarina2015,
    title = {{Lessons in Biostatistics}},
    year = {2015},
    journal = {Biochemia Medica},
    author = {Giavarina, Davide},
    number = {2},
    pages = {141--151},
    volume = {25},
    isbn = {1330-0962{\textbackslash}r1846-7482},
    doi = {10.11613/BM.2013.003},
    issn = {1330-0962},
    pmid = {26110027},
    keywords = {2015, accepted, agreement analysis, april 30, bland-altman, correlation of data, february 23, laboratory research, method comparison, received}
}

@inproceedings{Spille2017,
    title = {{Listening in the dips: comparing relevant features for speech recognition in humans and machines}},
    year = {2017},
    booktitle = {Proc. Interspeech 2017},
    author = {Spille, Constantin and Meyer, Bernd T.},
    pages = {2968--2972},
    address = {Stockholm, Sweden},
    doi = {10.21437/Interspeech.2017-1168},
    issn = {19909772},
    keywords = {[Electronic Manuscript]}
}

@article{Gustafsson1994,
    title = {{Masking of speech by amplitude-modulated noise.}},
    year = {1994},
    journal = {J. Acoust. Soc. Am.},
    author = {Gustafsson, H A and Arlinger, S D},
    number = {1},
    month = {1},
    pages = {518--529},
    volume = {95},
    doi = {10.1121/1.408346},
    issn = {0001-4966 (Print)},
    pmid = {8120263},
    keywords = {Adolescent, Adult, Aged, Attention, Female, Hearing Aids, Humans, Male, Middle Aged, Noise, Perceptual Masking, Pitch Perception, Presbycusis, Reference Values, Speech Discrimination Tests, Speech Perception, diagnosis, psychology},
    language = {eng}
}

@article{Egan1969,
    title = {{Masking-level differences and the form of the psychometric function}},
    year = {1969},
    journal = {Perception {\&} Psychophysics},
    author = {Egan, James P. and Lindner, William A. and McFadden, Dennis},
    number = {4},
    pages = {209--215},
    volume = {6},
    isbn = {1943-3921},
    doi = {10.3758/BF03207019},
    issn = {00315117}
}

@article{Egan1965,
    title = {{Masking‐Level Differences as a Function of Interaural Disparities in Intensity of Signal and of Noise}},
    year = {1965},
    journal = {J. Acoust. Soc. Am.},
    author = {Egan, James P.},
    number = {6},
    month = {12},
    pages = {1043--1049},
    volume = {38},
    url = {http://asa.scitation.org/doi/10.1121/1.1909836},
    doi = {10.1121/1.1909836},
    issn = {0001-4966}
}

@book{ITU-T_P800_1998,
    title = {{Methods for subjective determination of transmission quality}},
    year = {1998},
    author = {P. 800, ITU-T},
    url = {https://www.itu.int/rec/T-REC-P.800-199608-I/en},
    address = {Gen{\`{e}}ve, Switzerland}
}

@article{Kryter1962,
    title = {{Methods for the Calculation and Use of the Articulation Index}},
    year = {1962},
    journal = {J. Acoust. Soc. Am.},
    author = {Kryter, Karl D.},
    number = {11},
    month = {11},
    pages = {1689--1697},
    volume = {34},
    url = {http://asa.scitation.org/doi/10.1121/1.1909094},
    doi = {10.1121/1.1909094},
    issn = {0001-4966}
}

@book{ANSI_S3-5_1969,
    title = {{Methods for the calculation of the articulation index}},
    year = {1969},
    author = {S3-5, ANSI},
    publisher = {American National Standards Institute},
    address = {Washington DC}
}

@book{ANSI_S3-5_1997,
    title = {{Methods for the calculation of the speech intelligibility index}},
    year = {1997},
    author = {{ANSI S3-5}},
    publisher = {American National Standards Institute},
    url = {https://webstore.ansi.org/RecordDetail.aspx?sku=ANSI%2FASA+S3.5-1997+(R2017)&source=blog},
    address = {Washington DC}
}

@article{Erkelens2007,
    title = {{Minimum Mean-Square Error Estimation of Discrete Fourier Coefficients With Generalized Gamma Priors}},
    year = {2007},
    journal = {IEEE Transactions on Audio, Speech, and Language Processing},
    author = {Erkelens, J S and Hendriks, R C and Heusdens, R and Jensen, J},
    number = {6},
    pages = {1741--1752},
    volume = {15},
    doi = {10.1109/TASL.2007.899233},
    issn = {1558-7916 VO - 15},
    keywords = {Additive noise, DFT, Degradation, Discrete Fourier transform (DFT)-based speech enha, Discrete Fourier transforms, Estimation error, Gaussian noise, Laplace equations, MMSE, Rayleigh speech prior, Signal to noise ratio, Speech analysis, Speech enhancement, White noise, additive Gaussian noise assumption, discrete Fourier coefficients, discrete Fourier transform, discrete Fourier transforms, gamma distribution, generalized gamma distributions, generalized gamma priors, generalized gamma speech priors, least mean squares methods, minimum mean-square error (MMSE) estimation, minimum mean-square error estimation, perceptual evaluation, signal-to-noise ratio, single-channel speech enhancement, speech enhancement, speech quality, super-Gaussian priors}
}

@article{Dau1997,
    title = {{Modeling auditory processing of amplitude modulation. I. Detection and masking with narrow-band carriers}},
    year = {1997},
    journal = {J. Acoust. Soc. Am.},
    author = {Dau, Torsten and Kollmeier, Birger and Kohlrausch, Armin},
    number = {5},
    pages = {2892},
    volume = {102},
    url = {http://scitation.aip.org/content/asa/journal/jasa/102/5/10.1121/1.420344},
    doi = {10.1121/1.420344},
    issn = {00014966}
}

@article{Dau1997a,
    title = {{Modeling auditory processing of amplitude modulation. II. Spectral and temporal integration}},
    year = {1997},
    journal = {J. Acoust. Soc. Am.},
    author = {Dau, Torsten and Kollmeier, Birger and Kohlrausch, Armin},
    number = {5},
    pages = {2906},
    volume = {102},
    url = {http://scitation.aip.org/content/asa/journal/jasa/102/5/10.1121/1.420345},
    doi = {10.1121/1.420345},
    issn = {00014966}
}

@inproceedings{yamamoto2018multiresolution,
    title = {{Multi-resolution Gammachirp Envelope Distortion Index for Intelligibility Prediction of Noisy Speech}},
    year = {2018},
    booktitle = {Proc. Interspeech 2018},
    author = {Yamamoto, Katsuhiko and Irino, Toshio and Ohashi, Narumi and Araki, Shoko and Kinoshita, Keisuke and Nakatani, Tomohiro},
    pages = {1863--1867},
     address = {Hyderabad, India},
    doi = {10.21437/Interspeech.2018-1291}
}
%   url = {http://dx.doi.org/10.21437/Interspeech.2018-1291},


@book{hsu1996multiple,
    title = {{Multiple comparisons: theory and methods}},
    year = {1996},
    author = {Hsu, Jason},
    publisher = {Chapman and Hall/CRC}
}

@article{Chi2005,
    title = {{Multiresolution spectrotemporal analysis of complex sounds}},
    year = {2005},
    journal = {J. Acoust. Soc. Am.},
    author = {Chi, Taishih and Ru, Powen and Shamma, Shihab A.},
    number = {2},
    pages = {887--906},
    volume = {118},
    url = {http://asa.scitation.org/doi/10.1121/1.1945807},
    isbn = {0001-4966 (Print)},
    doi = {10.1121/1.1945807},
    issn = {0001-4966},
    pmid = {16158645}
}

--- article{Byrne2001nalnl1,
    title = {{NAL-NL1 Procedure for Fitting Nonlinear Hearing Aids: Characteristics and Comparisons with Other Procedures}},
    year = {2001},
    author = {Byrne, Denis and Dillon, Harvey and Ching, Teresa and Katsch, Richard and Keidser, Gittle},
    pages = {37--51},
    volume = {12},
    keywords = {abbreviations, ai, articulation index, compression ratio, compression thresh-, cr, ct, desired sensation level, dsl, forum, hearing aid prescription, i, ihaff, independent hearing aid fitting, input, lgob, loudness growth in , nal-nl1, national acoustic laboratories, nonlinear amplification, o, old, output, speech intelligibility, ₂ -octave bands}
}

@article{byrne2001nal,
  title={NAL-NL1 procedure for fitting nonlinear hearing aids: Characteristics and comparisons with other procedures},
  author={Byrne, Denis and Dillon, Harvey and Ching, Teresa and Katsch, Richard and Keidser, Gitte},
  journal={Journal of the American academy of audiology},
  volume={12},
  number={01},
  pages={37--51},
  year={2001},
  publisher={Thieme Medical Publishers, Inc.},
    keywords = {abbreviations, ai, articulation index, compression ratio, compression thresh-, cr, ct, desired sensation level, dsl, forum, hearing aid prescription, i, ihaff, independent hearing aid fitting, input, lgob, loudness growth in , nal-nl1, national acoustic laboratories, nonlinear amplification, o, old, output, speech intelligibility, ₂ -octave bands}
}

--- article{Keidser2011,
    title = {{The NAL-NL2 prescription procedure}},
    year = {2011},
    journal = {Audiology Research},
    author = {Keidser, G. and Dillon, H.R. and Flax, M. and Ching, T. and Brewer, S.},
    number = {1S},
    pages = {88--90},
    volume = {1},
    url = {http://www.audiologyresearch.org/index.php/audio/article/view/25},
    isbn = {2039-4349},
    doi = {10.4081/audiores.2011.e24},
    issn = {2039-4349},
    pmid = {26557309}
}


@article{keidser2011nal,
  title={{The NAL-NL2 prescription procedure}},
  author={Keidser, Gitte and Dillon, Harvey and Flax, Matthew and Ching, Teresa and Brewer, Scott},
  journal={Audiology research},
    number = {1S},
    pages = {88--90},
    volume = {1},
    url = {http://www.audiologyresearch.org/index.php/audio/article/view/25},
    isbn = {2039-4349},
    doi = {10.4081/audiores.2011.e24},
    issn = {2039-4349},
    pmid = {26557309},
  publisher={Multidisciplinary Digital Publishing Institute}
}



@article{scollie2005desired,
  title={The desired sensation level multistage input/output algorithm},
  author={Scollie, Susan and Seewald, Richard and Cornelisse, Leonard and Moodie, Sheila and Bagatto, Marlene and Laurnagaray, Diana and Beaulac, Steve and Pumford, John},
  journal={Trends in amplification},
  volume={9},
  number={4},
  pages={159--197},
  year={2005},
  publisher={SAGE Publications Sage CA: Los Angeles, CA}
}


@incollection{Palmer1995neural,
    title = {{Neural signal processing}},
    year = {1995},
    booktitle = {Hearing},
    author = {Palmer, Alan R},
    edition = {2nd},
    pages = {75--121},
    series = {Handbook of perception and cognition},
    publisher = {Academic Press},
    address = {San Diego, CA, US},
    isbn = {0-12-505626-5 (Hardcover)},
    doi = {10.1016/B978-012505626-7/50005-4},
    keywords = {*Auditory Neurons, *Auditory Perception, *Central Nervous System, Auditory Localization, Auditory Stimulation, Mammals, Signal Detection (Perception), Stimulus Frequency, Stimulus Intensity}
}

@inproceedings{Fujimoto2012noise,
    title = {{Noise suppression with unsupervised joint speaker adaptation and noise mixture model estimation}},
    shorttitle = {Acoustics, Speech and Signal Processing (ICASSP),},
    year = {2012},
    booktitle = {IEEE International Conference on Acoustics, Speech and Signal Processing},
    author = {Fujimoto, Masakiyo and Watanabe, Shinji and Nakatani, Tomohiro},
    month = {3},
    pages = {4713--4716},
    publisher = {IEEE},
    url = {http://ieeexplore.ieee.org/lpdocs/epic03/wrapper.htm?arnumber=6288971},
    isbn = {978-1-4673-0046-9},
    doi = {10.1109/ICASSP.2012.6288971},
    issn = {1520-6149},
    keywords = {Adaptation models, Estimation, Hidden Markov models, MMSE estimation, Noise, Silicon, Speech, Vectors, accurate noise mixture model estimation, least mean squares methods, minimum mean squared error estimation, model-based noise suppression, noise mixture model, noise suppression, nonlinear VTS transformation, signal denoising, speaker adaptation, speech processing, unsupervised joint speaker adaptation, vector Taylor series, vector Taylor series-based approach}
}

@inproceedings{Fujimoto2010,
    title = {{Voice activity detection using frame-wise model re-estimation method based on Gaussian pruning with weight normalization}},
    year = {2010},
    booktitle = {Proc. Interspeech 2010},
    author = {Fujimoto, Masakiyo and Watanabe, Shinji and Nakatani, Tomohiro},
    pages = {3102--3105},
    doi = {10.1016/j.specom.2011.08.005},
    issn = {01676393},
    keywords = {Gaussian pruning, Gaussian weight normalization, Posterior probability, Switching Kalman filter, Voice activity detection}
}


@article{Sarampalis2009a,
    title = {{Objective Measures of Listening Effort: Effects of Background Noise and Noise Reduction}},
    year = {2009},
    journal = {Journal of Speech Language and Hearing Research},
    author = {Sarampalis, Anastasios and Kalluri, Sridhar and Edwards, Brent and Hafter, Ervin},
    number = {5},
    pages = {1230},
    volume = {52},
    url = {http://jslhr.pubs.asha.org/article.aspx?doi=10.1044/1092-4388(2009/08-0111)},
    isbn = {1092-4388},
    doi = {10.1044/1092-4388(2009/08-0111)},
    issn = {1092-4388},
    pmid = {19380604}
}

%    title = {{Objective quality and intelligibility prediction for users of assistive listening devices: Advantages and limitations of existing tools}},
%     author = {Falk, Tiago H. and Parsa, Vijay and Santos, Joao F. and Arehart, Kathryn and Hazrati, Oldooz and Huber, Rainer and Kates, James M. and Scollie, Susan},   

@article{Falk2015objective,
    title = {{Objective quality and intelligibility prediction for users of assistive listening devices: Advantages and limitations of existing tools}},
    year = {2015},
    journal = {IEEE Signal Processing Magazine},
    author = {Falk, Tiago H. and Parsa, Vijay and Santos, Joao F. and Arehart, Kathryn and Hazrati, Oldooz and Huber, Rainer and Kates, James M. and Scollie, Susan},   
    number = {2},
    pages = {114--124},
    volume = {32},
    isbn = {9781493915385},
    doi = {10.1109/MSP.2014.2358871},
    issn = {10535888},
    pmid = {25792328},
    arxivId = {15334406}
}

@article{Patterson1980,
    title = {{Off‐frequency listening and auditory‐filter asymmetry}},
    year = {1980},
    journal = {J. Acoust. Soc. Am.},
    author = {Patterson, Roy D. and Nimmo‐Smith, Ian},
    number = {1},
    month = {1},
    pages = {229--245},
    volume = {67},
    url = {http://asa.scitation.org/doi/10.1121/1.383732},
    doi = {10.1121/1.383732},
    issn = {0001-4966}
}

@article{deBoer1978,
    title = {{On cochlear encoding: Potentialities and limitations of the reverse-correlation technique}},
    year = {1978},
    journal = {J. Acoust. Soc. Am.},
    author = {de Boer, E and de Jongh, H},
    pages = {115--135},
    volume = {63}
}

@article{Kanedera1999,
    title = {{On the relative importance of various components of the modulation spectrum for automatic speech recognition}},
    year = {1999},
    journal = {Speech Commun.},
    author = {Kanedera, Noboru and Arai, Takayuki and Hermansky, Hynek and Pavel, Misha},
    number = {1},
    month = {5},
    pages = {43--55},
    volume = {28},
    publisher = {North-Holland},
    url = {https://www.sciencedirect.com/science/article/pii/S0167639399000023},
    doi = {10.1016/S0167-6393(99)00002-3},
    issn = {0167-6393}
}

@inproceedings{Andersen2017,
    title = {{On the use of band importance weighting in the short-time objective intelligibility measure}},
    year = {2017},
    booktitle = {Proc. interspeech 2017},
    author = {Andersen, Asger Heidemann and De Haan, Jan Mark and Tan, Zheng Hua and Jensen, Jesper},
    pages = {2963--2967},
    isbn = {9781509041176},
    doi = {10.21437/Interspeech.2017-1043},
    issn = {19909772},
    keywords = {Band importance function, Enhanced speech, Speech in noise, Speech intelligibility prediction}
}


@article{Huber2006,
    title = {{PEMO-Q—A New Method for Objective Audio Quality Assessment Using a Model of Auditory Perception}},
    year = {2006},
    journal = {IEEE Transactions on Audio, Speech, and Language Processing},
    author = {Huber, R and Kollmeier, B},
    number = {6},
    pages = {1902--1911},
    volume = {14},
    doi = {10.1109/TASL.2006.883259},
    issn = {1558-7916},
    keywords = {audio coding;hearing;signal representation;PEMO-Q;}
}

@book{ITU-T_P862_2001,
    title = {{Perceptual evaluation of speech quality (PESQ): An objective method for end-to-end speech quality assessment of narrow-band telephone networks and speech codecs}},
    year = {2001},
    author = {P.862, ITU-T},
    editor = {{International Telecommunication Union Telecommunication Standardization Sector}},
    address = {Gen{\`{e}}ve, Switzerland}
}

@article{Relano-Iborra2016,
    title = {{Predicting speech intelligibility based on a correlation metric in the envelope power spectrum domain}},
    year = {2016},
    journal = {J. Acoust. Soc. Am.},
    author = {Rela{\~{n}}o-Iborra, Helia and May, Tobias and Zaar, Johannes and Scheidiger, Christoph and Dau, Torsten},
    number = {4},
    pages = {2670--2679},
    volume = {140},
    url = {http://asa.scitation.org/doi/10.1121/1.4964505},
    doi = {10.1121/1.4964505},
    issn = {0001-4966},
    pmid = {27794330}
}

@article{jorgensen2011predicting,
  title={Predicting speech intelligibility based on the signal-to-noise envelope power ratio after modulation-frequency selective processing},
  author={J{\o}rgensen, S{\o}ren and Dau, Torsten},
  journal={J. Acoust. Soc. Am.},
  volume={130},
  number={3},
  pages={1475--1487},
     doi = {10.1121/1.3621502},
  year={2011},
  publisher={AIP Publishing}
}

% __{jorgensen2011predicting,
    title = {{Predicting speech intelligibility based on the signal-to-noise envelope power ratio after modulation-frequency selective processing.}},
    year = {2011},
    journal = {J. Acoust. Soc. Am.},
    author = {J{\o}rgensen, S{\o}ren and Dau, Torsten},
    number = {3},
    month = {9},
    pages = {1475--1487},
    volume = {130},

    issn = {1520-8524},
    pmid = {21895088},
    keywords = {Acoustic Stimulation, Acoustics, Adult, Audiometry, Auditory Threshold, Computer-Assisted, Facility Design and Construction, Female, Humans, Male, Noise, Noise: adverse effects, Nonlinear Dynamics, Perceptual Masking, Predictive Value of Tests, Psychoacoustics, Pure-Tone, Recognition (Psychology), Signal Processing, Sound Spectrography, Speech, Speech Acoustics, Speech Intelligibility, Speech Perception, Time Factors, Vibration, Young Adult}
}
%   url = {http://www.ncbi.nlm.nih.gov/pubmed/21895088},


@article{Houtgast1980,
    title = {{Predicting Speech Intelligibility in Rooms from the Modulation Transfer Function. I. General Room Acoustics}},
    year = {1980},
    journal = {Acta Acustica united with Acusticacta},
    author = {Houtgast, T. and Steeneken, H. J. M. and Plomp, R.},
    pages = {60--72},
    volume = {46},
    publisher = {S. Hirzel Verlag},
    url = {https://www.ingentaconnect.com/contentone/dav/aaua/1980/00000046/00000001/art00010?crawler=true&mimetype=application/pdf},
    keywords = {Houtgast1980}
}

@inproceedings{Yamamoto2017predicting,
    title = {{Predicting Speech Intelligibility Using a Gammachirp Envelope Distortion Index Based on the Signal-to-Distortion Ratio}},
    year = {2017},
    booktitle = {Proc. Interspeech 2017},
    author = {Yamamoto, Katsuhiko and Irino, Toshio and Matsui, Toshie and Araki, Shoko and Kinoshita, Keisuke and Nakatani, Tomohiro},
    pages = {2949--2953},
    url = {http://dx.doi.org/10.21437/Interspeech.2017-170},
    doi = {10.21437/Interspeech.2017-170},
    keywords = {[Electronic Manuscript]}
}

@article{Chen2013,
    title = {{Predicting the intelligibility of reverberant speech for cochlear implant listeners with a non-intrusive intelligibility measure}},
    year = {2013},
    journal = {Biomedical signal processing and control},
    author = {Chen, Fei and Hazrati, Oldooz and Loizou, Philipos C},
    number = {3},
    month = {5},
    pages = {311--314},
    volume = {8},
    url = {http://www.ncbi.nlm.nih.gov/pmc/articles/PMC3661770/},
    doi = {10.1016/j.bspc.2012.11.007},
    issn = {1746-8094}
}

@article{Oxenham2016,
    title = {{Predicting the Perceptual Consequences of Hidden Hearing Loss}},
    year = {2016},
    journal = {Trends in Hearing},
    author = {Oxenham, Andrew J.},
    pages = {1--6},
    volume = {20},
    url = {http://journals.sagepub.com/doi/10.1177/2331216516686768},
    doi = {10.1177/2331216516686768},
    issn = {2331-2165},
    pmid = {28024462},
    keywords = {8 december 2016, accepted, auditory perception, date received, signal detection theory, synaptopathy}
}

@inproceedings{Ooster2018,
    title = {{Prediction of Perceived Speech Quality Using Deep Machine Listening}},
    year = {2018},
    booktitle = {Intespeech 2018},
    author = {Ooster, Jasper and Huber, Rainer and Meyer, Bernd T and Physik, Medizinische and Universit, Carl Von Ossietzky and Hearing, Fraunhofer Idmt and Technology, Audio},
    number = {September},
    pages = {976--980},
    address = {Hyderabad, India}
}

@article{Mamun2015,
    title = {{Prediction of speech intelligibility using a neurogram orthogonal polynomial measure (NOPM)}},
    year = {2015},
    journal = {IEEE/ACM Transactions on Audio Speech and Language Processing},
    author = {Mamun, Nursadul and Jassim, Wissam A. and Zilany, Muhammad S.A.},
    number = {4},
    pages = {760--773},
    volume = {23},
    doi = {10.1109/TASLP.2015.2401513},
    issn = {23299290},
    keywords = {Auditory-nerve model, neurogram, orthogonal moment, sensorineural hearing loss, speech intelligibility}
}

@inproceedings{Kranzusch2018,
    title = {{Prediction of Subjective Listening Effort from Acoustic Data with Non-Intrusive Deep Models}},
    year = {2018},
    booktitle = {Proc. Interspeech 2018},
    author = {Kranzusch, Paul and Huber, Rainer and Kr, Melanie and Kollmeier, Birger and Meyer, Bernd T and Physik, Medizinische and Universit, Carl Von Ossietzky and Gmbh, Oldenburg},
    number = {September},
    pages = {981--985},
    address = {Hyderabad, India},
    doi = {10.21437/Interspeech.2018-1375}
}

@book{ANSI_S3-4_2007,
    title = {{Procedure for the Computation of Loudness of Steady Sounds}},
    year = {2007},
    author = {{ANSI S3.4}},
    publisher = {American National Standards Institute},
    address = {Washington DC}
}

@article{Hicks1999,
    title = {{Psychophysical measures of auditory nonlinearities as a function of frequency in individuals with normal hearing}},
    year = {1999},
    journal = {J. Acoust. Soc. Am.},
    author = {Hicks, Michelle L. and Bacon, Sid P.},
    number = {1},
    month = {1},
    pages = {326--338},
    volume = {105},
    url = {http://asa.scitation.org/doi/10.1121/1.424526},
    doi = {10.1121/1.424526},
    issn = {0001-4966}
}

@inproceedings{Fu2018,
    title = {{Quality-Net: An End-to-End Non-intrusive Speech Quality Assessment Model based on BLSTM}},
    year = {2018},
    booktitle = {Proc. Interspeech 2018},
    author = {Fu, Szu-wei and Tsao, Yu and Hwang, Hsin-te and Wang, Hsin-min},
    number = {September},
    pages = {1873--1877},
    address = {Hyderabad, India}
}

@article{Plomp1964,
    title = {{Rate of Decay of Auditory Sensation}},
    year = {1964},
    journal = {J. Acoust. Soc. Am.},
    author = {Plomp, R.},
    number = {2},
    month = {2},
    pages = {277--282},
    volume = {36},
    url = {http://asa.scitation.org/doi/10.1121/1.1918946},
    doi = {10.1121/1.1918946},
    issn = {0001-4966}
}

@article{Loizou2011a,
    title = {{Reasons why current speech-enhancement algorithms do not improve speech intelligibility and suggested solutions}},
    year = {2011},
    journal = {IEEE Transactions on Audio, Speech and Language Processing},
    author = {Loizou, Philipos C. and Kim, Gibak},
    number = {1},
    pages = {47--56},
    volume = {19},
    doi = {10.1109/TASL.2010.2045180},
    issn = {15587916},
    pmid = {21909285},
    keywords = {Ideal binary mask, speech distortions, speech enhancement, speech intelligibility improvement}
}

@article{Rees1983,
    title = {{Responses of neurons in the inferior colliculus of the rat to AM and FM tones}},
    year = {1983},
    journal = {Hearing Research},
    author = {Rees, Adrian and M{\o}ller, Aage R.},
    number = {3},
    month = {6},
    pages = {301--330},
    volume = {10},
    publisher = {Elsevier},
    url = {https://www.sciencedirect.com/science/article/pii/0378595583900953?via%3Dihub},
    doi = {10.1016/0378-5955(83)90095-3},
    issn = {0378-5955}
}

@article{Kjems2009,
    title = {{Role of mask pattern in intelligibility of ideal binary-masked noisy speech.}},
    year = {2009},
    journal = {J. Acoust. Soc. Am.},
    author = {Kjems, Ulrik and Boldt, Jesper B and Pedersen, Michael S and Lunner, Thomas and Wang, Deliang},
    number = {3},
    pages = {1415--1426},
    volume = {126},
    doi = {10.1121/1.3179673},
    issn = {00014966},
    pmid = {19739755}
}

@inproceedings{Pascual2017,
    title = {{SEGAN: Speech Enhancement Generative Adversarial Network}},
    year = {2017},
    booktitle = {Proc. Interspeech 2017},
    author = {Pascual, Santiago and Bonafonte, Antonio and Serr{\`{a}}, Joan},
    pages = {3642--3646},
    url = {http://dx.doi.org/10.21437/Interspeech.2017-1428},
    doi = {10.21437/Interspeech.2017-1428}
}

@incollection{Loizou2013-Chap05,
    title = {{Spectral-Subtractive Algorithms}},
    year = {2013},
    booktitle = {Speech Enhancement: Theory and Practice},
    author = {Loizou, Philipos C.},
    chapter = {5},
    edition = {2nd},
    pages = {93--135},
    publisher = {CRC Press},
    url = {https://www.crcpress.com/Speech-Enhancement-Theory-and-Practice-Second-Edition/Loizou/p/book/9781138075573},
    isbn = {9781138075573}
}

@article{Chi1999,
    title = {{Spectro-temporal modulation transfer functions and speech intelligibility}},
    year = {1999},
    journal = {J. Acoust. Soc. Am.},
    author = {Chi, Taishih and Gao, Yujie and Guyton, Matthew C. and Ru, Powen and Shamma, Shihab},
    number = {5},
    month = {11},
    pages = {2719--2732},
    volume = {106},
    url = {http://asa.scitation.org/doi/10.1121/1.428100},
    doi = {10.1121/1.428100},
    issn = {0001-4966}
}

@book{Naylor2010,
    title = {{Speech Dereverberation}},
    year = {2010},
    author = {Naylor, Patrick A and Gaubitch, Nikolay D},
    edition = {1st},
    publisher = {Springer},
    isbn = {1849960550, 9781849960557}
}

@inproceedings{Scalart1996,
    title = {{Speech enhancement based on a priori signal to noise estimation}},
    year = {1996},
    booktitle = {IEEE International Conference on Acoustics, Speech, and Signal Processing Conference},
    author = {Scalart, P. and Filho, J.V.},
    pages = {629--632},
    volume = {2},
    address = {Atlanta, USA},
    isbn = {0-7803-3192-3},
    doi = {10.1109/ICASSP.1996.543199},
    issn = {1520-6149},
    pmid = {19884080},
    keywords = {Additive noise, Frequency domain analysis, Microphones, Noise level, Noise reduction, Signal to noise ratio, Speech enhancement, Speech processing, Testing, Uncertainty, a priori SNR estimation, acoustic noise, frequency domain noise reduction algorithms, frequency-domain analysis, low computational load, microphones, noise abatement, noise estimation, noisy environments, objective results, parameter estimation, real-time operations, single microphone frequency domain speech enhancem, spectral analysis, speech enhancement, speech processing, subjective results}
}

@article{Ephraim1985,
    title = {{Speech enhancement using a minimum mean-square error log-spectral amplitude estimator}},
    year = {1985},
    journal = {IEEE Transactions on Acoustics, Speech, and Signal Processing},
    author = {Ephraim, Y. and Malah, D.},
    number = {2},
    pages = {443--445},
    volume = {33},
    url = {http://ieeexplore.ieee.org/document/1164550/},
    isbn = {0096-3518},
    doi = {10.1109/TASSP.1985.1164550},
    issn = {0096-3518}
}

@article{Ephraim1984,
    title = {{Speech enhancement using a minimum-mean square error short-time spectral amplitude estimator}},
    year = {1984},
    journal = {IEEE Transactions on Acoustics, Speech, and Signal Processing},
    author = {Ephraim, Y and Malah, D},
    number = {6},
    pages = {1109--1121},
    volume = {32},
    doi = {10.1109/TASSP.1984.1164453},
    issn = {0096-3518 VO - 32},
    keywords = {Amplitude estimation, Colored noise, Filtering algorithms, Gaussian noise, Independent component analysis, Noise reduction, Phase estimation, Random variables, Speech enhancement, Wiener filter}
}

@book{Loizou2013,
    title = {{Speech Enhancement: Theory and Practice}},
    year = {2013},
    author = {Loizou, Philipos C.},
    edition = {2nd},
    publisher = {CRC Press},
    url = {https://www.crcpress.com/Speech-Enhancement-Theory-and-Practice-Second-Edition/Loizou/p/book/9781138075573},
    isbn = {9781138075573}
}

@article{Vanthornhout2018,
    title = {{Speech Intelligibility Predicted from Neural Entrainment of the Speech Envelope}},
    year = {2018},
    journal = {Journal of the Association for Research in Otolaryngology},
    author = {Vanthornhout, Jonas and Decruy, Lien and Wouters, Jan and Simon, Jonathan Z and Francart, Tom},
    number = {2},
    pages = {181--191},
    volume = {19},
    url = {https://doi.org/10.1007/s10162-018-0654-z},
    doi = {10.1007/s10162-018-0654-z},
    issn = {1438-7573}
}

@inproceedings{Yamamoto2016speech,
    title = {{Speech intelligibility prediction based on the envelope power spectrum model with the dynamic compressive gammachirp auditory filterbank}},
    year = {2016},
    booktitle = {Proc. Interspeech 2016},
    author = {Yamamoto, Katsuhiko and Irino, Toshio and Matsui, Toshie and Araki, Shoko and Kinoshita, Keisuke and Nakatani, Tomohiro},
    pages = {2885--2889},
    doi = {10.21437/Interspeech.2016-652},
    issn = {19909772},
    keywords = {Auditory model, Objective measure, Speech enhancement, Speech intelligibility}
}

@article{Yamamoto2019speech_Acoust,
    title = {{Speech intelligibility prediction using a multi-resolution gammachirp envelope distortion index with common parameters for different noise conditions }},
    year = {2019},
    journal = {Acoustical Letter},
    author = {Yamamoto, Katsuhiko and Irino, Toshio and Araki, Shoko and Kinoshita, Keisuke and Nakatani, Tomohiro},
    pages = {XX-XX}
}


@article{Yamamoto2019speech,
    title = {{Speech intelligibility prediction with the dynamic compressive gammachirp filterbank and modulation power spectrum}},
    year = {2019},
    journal = {Acoust. Sci. and Tech.},
    author = {Yamamoto, Katsuhiko and Irino, Toshio and Matsui, Toshie and Araki, Shoko and Kinoshita, Keisuke and Nakatani, Tomohiro},
    number = {2},
    month = {3},
    pages = {84--92},
    volume = {40},
    doi = {10.1250/ast.40.84},
    issn = {1346-3969}
}

%url = {https://www.jstage.jst.go.jp/article/ast/40/2/40_E1785/_article},


%     journal = {Acoustical Science and Technology},
%     journal = {AST},



@article{Hines2012,
    title = {{Speech intelligibility prediction using a Neurogram Similarity Index Measure}},
    year = {2012},
    journal = {Speech Commun.},
    author = {Hines, Andrew and Harte, Naomi},
    number = {2},
    pages = {306--320},
    volume = {54},
    isbn = {01676393},
    doi = {10.1016/j.specom.2011.09.004},
    issn = {01676393},
    keywords = {Auditory periphery model, NSIM, SSIM, Simulated performance intensity function, Speech Intelligibility}
}

@incollection{Moore2013-Chap09,
    title = {{Speech Perception}},
    year = {2013},
    booktitle = {An Introduction to the Psychology of Hearing},
    author = {Moore, Brian C. J.},
    edition = {6th},
    pages = {315--350},
    publisher = {Brill},
    url = {http://www.brill.com/introduction-psychology-hearing-0},
    address = {Leiden, The Netherlands},
    isbn = {9781780520384},
    keywords = {Brill Academic Publishers}
}

@article{bland1986statistical, 
    title={Statistical methods for assessing agreement between two methods of clinical measurement}, 
    author={Bland, J Martin and Altman, DouglasG}, 
    journal={The lancet}, 
    volume={327}, 
    number={8476}, 
    pages={307--310}, 
    year={1986}, 
    publisher={Elsevier}
}

@book{Cohen1988,
    title = {{Statistical power analysis for the behavioral sciences}},
    year = {1988},
    author = {Cohen, Jacob},
    edition = {2nd},
    publisher = {Lawrence Erlbaum Associates},
    isbn = {0805802835}
}

@book{cohen2013statistical,
    title = {{Statistical power analysis for the behavioral sciences}},
    year = {2013},
    author = {Cohen, Jacob},
    publisher = {Academic press}
}

@book{altman2013statistics,
    title = {{Statistics with confidence: confidence intervals and statistical guidelines}},
    year = {2013},
    author = {Altman, Douglas and Machin, David and Bryant, Trevor and Gardner, Martin},
    edition = {2nd},
    publisher = {John Wiley {\&} Sons}
}

@inproceedings{Gelderblom2017,
    title = {{Subjective intelligibility of deep neural network-based speech enhancement}},
    year = {2017},
    booktitle = {Proc. Interspeech 2017},
    author = {Gelderblom, Femke B. and Tronstad, Tron V. and Viggen, Erlend Magnus},
    pages = {1968--1972},
    doi = {10.21437/Interspeech.2017-1041},
    issn = {19909772},
    keywords = {Deep neural network, Speech enhancement, Speech intelligibility, Subjective evaluation}
}

@article{Boll1979,
    title = {{Suppression of Acoustic Noise in Speech Using Spectral Subtraction}},
    year = {1979},
    journal = {IEEE Transactions on Acoustics, Speech, and Signal Processing},
    author = {Boll, Steven F.},
    number = {2},
    pages = {113--120},
    volume = {27}
}

@article{Drullman1995,
    title = {{Temporal envelope and fine structure cues for speech intelligibility}},
    year = {1995},
    journal = {J. Acoust. Soc. Am.},
    author = {Drullman, Rob},
    number = {1},
    pages = {585--92},
    volume = {97},
    url = {http://www.ncbi.nlm.nih.gov/pubmed/7860835},
    isbn = {0001-4966 (Print){\textbackslash}r0001-4966 (Linking)},
    doi = {10.1121/1.413112},
    issn = {0001-4966},
    pmid = {7860835}
}

@article{Viemeister1979,
    title = {{Temporal modulation transfer functions based upon modulation thresholds}},
    year = {1979},
    journal = {J. Acoust. Soc. Am.},
    author = {Viemeister, Neal F.},
    number = {5},
    month = {11},
    pages = {1364--1380},
    volume = {66},
    url = {http://asa.scitation.org/doi/10.1121/1.383531},
    doi = {10.1121/1.383531},
    issn = {0001-4966}
}


@incollection{Moore2013-Chap05,
    title = {{Temporal Processing in the Auditory System}},
    year = {2013},
    booktitle = {An Introduction to the Psychology of Hearing},
    author = {Moore, Brian C. J.},
    chapter = {5},
    edition = {6th},
    pages = {169--202},
    publisher = {Brill},
    url = {https://books.google.co.jp/books?id=LM9U8e28pLMC},
    address = {Leiden, The Netherlands},
    isbn = {9781780520384}
}

@article{Dubbelboer2008,
    title = {{The concept of signal-to-noise ratio in the modulation domain and speech intelligibility.}},
    year = {2008},
    journal = {J. Acoust. Soc. Am.},
    author = {Dubbelboer, Finn and Houtgast, Tammo},
    number = {6},
    pages = {3937--3946},
    volume = {124},
    url = {http://scitation.aip.org/content/asa/journal/jasa/124/6/10.1121/1.3001713},
    isbn = {1520-8524 (Electronic){\textbackslash}r0001-4966 (Linking)},
    doi = {10.1121/1.3001713},
    issn = {1520-8524},
    pmid = {19206818},
    keywords = {Algorithms, Biological, Computer-Assisted, Cues, Humans, Models, Noise, Noise: adverse effects, Pattern Recognition, Perceptual Masking, Physiological, Psychological, Reproducibility of Results, Signal Detection, Signal Processing, Sound Spectrography, Speech Intelligibility, Speech Perception, Time Factors}
}

@article{Hopkins2009,
    title = {{The contribution of temporal fine structure to the intelligibility of speech in steady and modulated noise}},
    year = {2009},
    journal = {J. Acoust. Soc. Am.},
    author = {Hopkins, Kathryn and Moore, Brian C. J.},
    number = {1},
    month = {1},
    pages = {442--446},
    volume = {125},
    url = {http://asa.scitation.org/doi/10.1121/1.3037233},
    doi = {10.1121/1.3037233},
    issn = {0001-4966}
}

@article{Rhebergen2009,
    title = {{The dynamic range of speech, compression, and its effect on the speech reception threshold in stationary and interrupted noise}},
    year = {2009},
    journal = {J. Acoust. Soc. Am.},
    author = {Rhebergen, Koenraad S. and Versfeld, Niek J. and Dreschler, Wouter. A.},
    number = {6},
    month = {12},
    pages = {3236--3245},
    volume = {126},
    url = {http://asa.scitation.org/doi/10.1121/1.3257225},
    doi = {10.1121/1.3257225},
    issn = {0001-4966}
}

@incollection{Green1988,
    title = {{The Effect of Vocabulary Size on Articulation Score}},
    year = {1988},
    booktitle = {Signal Detection and Recognition by Human Observers: Contemporary Readings},
    author = {Green, David M. and Birdsall, Theodore G.},
    editor = {Swets, J A},
    pages = {609--619},
    publisher = {Peninsula Publishing},
    url = {https://books.google.co.jp/books?id=-YMmPQAACAAJ},
    isbn = {9780932146212}
}

@article{Rosowski1991,
    title = {{The effects of external‐ and middle‐ear filtering on auditory threshold and noise‐induced hearing loss}},
    year = {1991},
    journal = {J. Acoust. Soc. Am.},
    author = {Rosowski, John J.},
    number = {1},
    month = {7},
    pages = {124--135},
    volume = {90},
    url = {http://asa.scitation.org/doi/10.1121/1.401306},
    doi = {10.1121/1.401306},
    issn = {0001-4966}
}

@article{Kates2014,
    title = {{The Hearing Aid Speech Perception Index (HASPI)}},
    year = {2014},
    journal = {Speech Commun.},
    author = {Kates, James and Arehart, Kathryn},
    pages = {75--93},
    volume = {65},
    url = {http://www.sciencedirect.com/science/article/pii/S0167639314000545?via%3Dihub},
    doi = {https://doi.org/10.1016/j.specom.2014.06.002},
    keywords = {auditory model, hearing aids, hearing loss, intelligibility index, speech intelligibility}
}


@book{loizou2013speech,
    title = {{Speech Enhancement: Theory and Practice}},
    year = {2013},
    author = {Loizou, Philipos C.},
    edition = {2nd},
    publisher = {CRC Press},
    url = {https://www.crcpress.com/Speech-Enhancement-Theory-and-Practice-Second-Edition/Loizou/p/book/9781138075573},
    isbn = {9781138075573}
}


@inproceedings{Moore2011,
    title = {{The importance of temporal fine structure for the intelligibility of speech in complex backgrounds}},
    year = {2012},
    booktitle = {ISAAR 2011: Speech Perception and Auditory Disorders},
    author = {Moore, B. C. J.},
    number = {August 2011},
    pages = {21--32},
    isbn = {87-990013-3-0}
}

@article{Kohlrausch2000,
    title = {{The influence of carrier level and frequency on modulation and beat-detection thresholds for sinusoidal carriers}},
    year = {2000},
    journal = {J. Acoust. Soc. Am.},
    author = {Kohlrausch, Armin and Fassel, Ralf and Dau, Torsten},
    number = {2},
    pages = {723--734},
    volume = {108},
    url = {http://asa.scitation.org/doi/10.1121/1.429605},
    isbn = {1520-8524 (Electronic){\textbackslash}r0001-4966 (Linking)},
    doi = {10.1121/1.429605},
    issn = {0001-4966},
    pmid = {10955639}
}

@article{Cooke2014thelistening,
    title = {{The listening talker: A review of human and algorithmic context-induced modifications of speech}},
    year = {2014},
    journal = {Computer Speech and Language},
    author = {Cooke, Martin and King, Simon and Garnier, Maëva and Aubanel, Vincent},
    number = {2},
    pages = {543--571},
    volume = {28},
    doi = {10.1016/j.csl.2013.08.003},
    issn = {08852308},
    keywords = {Modification algorithms, Speech production}
}



@article{junqua1993thelombard,
    title = {{The Lombard reflex and its role on human listeners and automatic speech recognizers}},
    year = {1993},
    journal = {J. Acoust. Soc. Am.},
    author = {Junqua, Jean‐Claude},
    number = {1},
    month = {1},
    pages = {510--524},
    volume = {93},
    url = {http://asa.scitation.org/doi/10.1121/1.405631},
    doi = {10.1121/1.405631},
    issn = {0001-4966}
}

@article{Lane1971,
    title = {{The Lombard Sign and the Role of Hearing in Speech}},
    year = {1971},
    journal = {Journal of Speech, Language, and Hearing Research},
    author = {Lane, Harlan and Tranel, Bernard},
    number = {4},
    pages = {677--709},
    volume = {14},
    url = {+ http://dx.doi.org/10.1044/jshr.1404.677},
    doi = {10.1044/jshr.1404.677}
}

@article{deBoer1997,
    title = {{The mechanical waveform of the basilar membrane. I. Frequency modulations (“glides”) in impulse responses and cross-correlation functions}},
    year = {1997},
    journal = {J. Acoust. Soc. Am.},
    author = {de Boer, Egbert and Nuttall, Alfred L.},
    number = {6},
    month = {6},
    pages = {3583--3592},
    volume = {101},
    url = {http://asa.scitation.org/doi/10.1121/1.418319},
    doi = {10.1121/1.418319},
    issn = {0001-4966}
}

@inproceedings{Greenberg1997,
    title = {{The modulation spectrogram: in pursuit of an invariant representation of speech}},
    year = {1997},
    booktitle = {1997 IEEE International Conference on Acoustics, Speech, and Signal Processing},
    author = {Greenberg, S and Kingsbury, B E D},
    pages = {1647--1650},
    volume = {3},
    doi = {10.1109/ICASSP.1997.598826},
    issn = {1520-6149},
    keywords = {Automatic speech recognition, Decoding, Finite impulse response filter, Frequency, Humans, Loudspeakers, Low pass filters, Spectrogram, Speech coding, Stability, acoustic conditions, automatic speech recognition experiments, color-mapped displays, critical band like channels, human listeners, invariant speech representation, linguistic information, modulation, modulation spectrogram, perceptual stability characteristic, signal representation, sound spectrogram, speaker characteristics, spectral analysis, speech decoding, speech perception, speech processing, speech representation format, speech signal, speech understanding, stability}
}

@article{Houtgast1973,
    title = {{The Modulation Transfer Function in Room Acoustics as a Predictor of Speech Intelligibility}},
    year = {1973},
    journal = {Acta Acustica united with Acustica},
    author = {Houtgast, T. and Steeneken, H. J. M.},
    number = {1},
    pages = {66--73},
    volume = {28}
}


@inproceedings{Johhanesma1972,
    title = {{The pre-response stimulus ensemble of neurons in the cochlear nucleus}},
    year = {1972},
    booktitle = {Symposium on Hearing Theory},
    author = {Johannesma, P. I. M.},
    pages = {58--69},
    address = {IPO, Eindhoven, Holland}
}

@article{Chabot-Leclerc2014,
    title = {{The role of auditory spectro-temporal modulation filtering and the decision metric for speech intelligibility prediction}},
    year = {2014},
    journal = {J. Acoust. Soc. Am.},
    author = {Chabot-Leclerc, Alexandre and J{\o}rgensen, S{\o}ren and Dau, Torsten},
    number = {6},
    pages = {3502--3512},
    volume = {135},
    url = {http://asa.scitation.org/doi/10.1121/1.4873517},
    doi = {10.1121/1.4873517},
    issn = {0001-4966},
    pmid = {24907813}
}

@article{Moore1988,
    title = {{The shape of the ear's temporal window}},
    year = {1988},
    journal = {J. Acoust. Soc. Am.},
    author = {Moore, Brian C. J. and Glasberg, Brian R. and Plack, C. J. and Biswas, A. K.},
    number = {3},
    month = {3},
    pages = {1102--1116},
    volume = {83},
    url = {http://asa.scitation.org/doi/10.1121/1.396055},
    doi = {10.1121/1.396055},
    issn = {0001-4966}
}

@article{Hornsby2004,
    title = {{The Speech Intelligibility Index : What is it and what ’ s it good for ?}},
    year = {2004},
    journal = {The Hearing Journal},
    author = {Hornsby, Benjamin W Y},
    number = {10},
    pages = {10--17},
    volume = {57},
    url = {http://journals.lww.com/thehearingjournal/Fulltext/2004/10000/The_Speech_Intelligibility_Index__What_is_it_and.3.aspx#},
    issn = {07457472},
    keywords = {Articulation Index, Speech Intelligibility Index}
}

@article{Liberman2016,
    title = {{Toward a differential diagnosis of hidden hearing loss in humans}},
    year = {2016},
    journal = {PLoS ONE},
    author = {Liberman, M. Charles and Epstein, Michael J. and Cleveland, Sandra S. and Wang, Haobing and Maison, Stéphane F.},
    number = {9},
    pages = {1--15},
    volume = {11},
    doi = {10.1371/journal.pone.0162726},
    issn = {19326203},
    pmid = {27618300}
}

@book{Marr1982,
    title = {{Vision: A Computational Investigation into the Human Representation and Processing of Visual Information}},
    year = {1982},
    author = {Marr, David},
    publisher = {Henry Holt and Co., Inc.},
    address = {New York, NY, USA},
    isbn = {0716715678}
}



@incollection{Loizou2013-Chap06,
    title = {{Wiener Filtering}},
    year = {2013},
    booktitle = {Speech Enhancement: Theory and Practice},
    author = {Loizou, Philipos C.},
    chapter = {6},
    edition = {2nd},
    pages = {137--202},
    publisher = {CRC Press},
    url = {https://www.crcpress.com/Speech-Enhancement-Theory-and-Practice-Second-Edition/Loizou/p/book/9781138075573},
    isbn = {9781138075573}
}


@article{SatoH2007,
    title = {{``聴き取りにくさ''による音声伝達性能の評価}},
    year = {2007},
    journal = {日本音響学会誌},
    author = {逸人, 佐藤 and 政之, 森本 and 洋, 佐藤},
    number = {5},
    pages = {275--280},
    volume = {63},
    publisher = {一般社団法人 日本音響学会},
    url = {http://ci.nii.ac.jp/naid/110006251464/ja/},
    issn = {03694232}
}

@article{1984185,
    title = {{スピーチ明瞭度の評価法としてのMTFとSTIの紹介}},
    year = {1984},
    journal = {騒音制御},
    author = {恵司, 小口},
    number = {4},
    pages = {185--190},
    volume = {8},
    doi = {10.11372/souonseigyo1977.8.185}
}

@incollection{Unoki2016,
    title = {{マスキング}},
    year = {2016},
    booktitle = {音響キーワードブック},
    author = {祐史, 鵜木},
    editor = {{日本音響学会}},
    pages = {402--403},
    publisher = {コロナ社},
    url = {http://ci.nii.ac.jp/ncid/BB20769104.bib}
}

@incollection{Cohen1998,
    title = {{不確定性原理}},
    year = {1998},
    booktitle = {時間-周波数解析},
    author = {コーエン, L.},
    chapter = {3},
    edition = {1},
    publisher = {朝倉書店},
    url = {https://books.google.co.jp/books?id=RfpbAAAACAAJ},
    isbn = {9784254200928}
}

@book{ASJ2003,
    title = {{新版 音響用語辞典}},
    year = {2003},
    editor = {{日本音響学会}},
    publisher = {コロナ社},
    url = {http://ci.nii.ac.jp/ncid/BA62492225},
    isbn = {4339007552}
}

@article{Yoshioka2012,
    title = {{確率モデルを用い等た音声強調 : 雑音抑圧,音源分離,残響除去,統合技術及びその応用(---小特集---近年の音響信号処理における数理科学の進展)}},
    author = {拓也, 吉岡 and 智広, 中谷}
}

@book{Iida2010,
    title = {{空間音響学}},
    year = {2010},
    author = {一博, 飯田 and 政之, 森本 and 公利, 福留 and 正人, 三好 and 毅, 宇佐川},
    editor = {一博, 飯田 and 政之, 森本},
    number = {2},
    series = {音響サイエンスシリーズ / 日本音響学会学会編},
    publisher = {コロナ社},
    url = {http://ci.nii.ac.jp/ncid/BB02798993}
}

@incollection{Kashino2010,
    title = {{聴覚}},
    year = {2010},
    booktitle = {イラストレクチャー 認知神経科学: 心理学と脳科学が解くこころの仕組み},
    author = {牧男, 柏野},
    editor = {{村上郁也}},
    chapter = {5},
    edition = {1},
    pages = {71--88},
    publisher = {オーム社},
    url = {https://books.google.co.jp/books?id=N-btRQAACAAJ},
    address = {東京},
    isbn = {9784274208225}
}

@incollection{Irino2011,
    title = {{聴覚フィルタの心理物理実験とモデル}},
    year = {2011},
    booktitle = {聴覚モデル},
    author = {俊夫, 入野},
    editor = {{日本音響学会}},
    chapter = {4},
    number = {3},
    pages = {248},
    series = {音響サイエンスシリーズ},
    publisher = {コロナ社},
    address = {東京}
}

@book{Mori2011,
    title = {{聴覚モデル}},
    year = {2011},
    author = {徹, 香田 and 浩, 日比野 and 書晃, 任 and 嘉久, 倉智 and 俊夫, 入野 and 祐史, 鵜木 and 陽一, 鈴木 and 勝弘, 牧 and 実, 津崎},
    editor = {{日本音響学会}},
    number = {3},
    pages = {248},
    series = {音響サイエンスシリーズ},
    publisher = {コロナ社},
    url = {http://ci.nii.ac.jp/ncid/BB06466769}
}

@article{Ono2012,
    title = {{補助関数法による最適化アルゴリズムとその音響信号処理への応用(---小特集---近年の音響信号処理における数理科学の進展)}},
    year = {2012},
    journal = {日本音響学会誌},
    author = {順貴, 小野},
    number = {11},
    pages = {566--571},
    volume = {68},
    doi = {10.20697/jasj.68.11{\_}566}
}

@incollection{Dillon2017-chap10,
    title = {{補聴器の処方}},
    year = {2017},
    booktitle = {補聴器ハンドブック},
    author = {Dillon, Harvey and 雅文, 中川 and 晃文, 富澤},
    chapter = {10},
    edition = {第2版},
    pages = {303--353},
    publisher = {医歯薬出版},
    url = {http://ci.nii.ac.jp/ncid/BB23894270},
    address = {東京}
}

@incollection{SatoH2016,
    title = {{音声の明瞭性とその評価}},
    year = {2016},
    booktitle = {音響キーワードブック},
    author = {逸人, 佐藤},
    editor = {{日本音響学会}},
    pages = {120--121},
    publisher = {コロナ社},
    url = {http://ci.nii.ac.jp/ncid/BB20769104.bib},
    address = {東京都},
    isbn = {978-4-339-00880-7}
}

@article{Nakatani2013,
    title = {{音声生成過程と信号観測過程のモデルに基づくマルチチャンネル音声強調}},
    year = {2013},
    journal = {情報処理学会研究報告},
    author = {智広, 中谷},
    number = {34},
    pages = {1--4},
    volume = {2013-MUS-9},
    url = {https://ci.nii.ac.jp/naid/170000076658/}
}

@article{Irino2006b,
    title = {{音声研究から音聲研究へ(ちょっとしたエッセイ,コーヒーブレーク)}},
    year = {2006},
    journal = {日本音響学会誌},
    author = {俊夫, 入野},
    number = {11},
    pages = {834},
    volume = {62},
    doi = {https://doi.org/10.20697/jasj.62.11{\_}834{\_}1}
}

@incollection{Hodoshima2016,
    title = {{音声親密度}},
    year = {2016},
    booktitle = {音響キーワードブック},
    author = {奈緒, 程島},
    editor = {{日本音響学会}},
    pages = {108--109},
    publisher = {コロナ社},
    url = {http://ci.nii.ac.jp/ncid/BB20769104.bib},
    address = {東京都}
}

@incollection{Watanabe2016,
    title = {{音響モデル}},
    year = {2016},
    booktitle = {音響キーワードブック},
    author = {晋治, 渡部},
    editor = {{日本音響学会}},
    pages = {96--97},
    publisher = {コロナ社},
    url = {http://ci.nii.ac.jp/ncid/BB20769104.bib},
    address = {東京}
}

@incollection{Dillon2017-Chap08,
    title = {{高度な信号処理}},
    year = {2017},
    booktitle = {補聴器ハンドブック},
    author = {Dillon, Harvey and 雅文, 中川 and 晃文, 富澤},
    chapter = {8},
    edition = {第2版},
    pages = {238--268},
    publisher = {医歯薬出版},
    url = {http://ci.nii.ac.jp/ncid/BB23894270},
    address = {東京}
}

@article{Koning2015IdealListeners,
    title = {{Ideal time-frequency masking algorithms lead to different speech intelligibility and quality in normal-hearing and cochlear implant listeners}},
    year = {2015},
    journal = {IEEE Transactions on Biomedical Engineering},
    author = {Koning, Raphael and Madhu, Nilesh and Wouters, Jan},
    number = {1},
    volume = {62},
    isbn = {2008214699},
    doi = {10.1109/TBME.2014.2351854},
    issn = {15582531},
    pmid = {25167542}
}

@article{Lopez-Poveda2017IntelligibilityReflex,
    title = {{Intelligibility in speech maskers with a binaural cochlear implant sound coding strategy inspired by the contralateral medial olivocochlear reflex}},
    year = {2017},
    journal = {Hearing Research},
    author = {Lopez-Poveda, Enrique A. and Eustaquio-Mart{\'{i}}n, Almudena and Stohl, Joshua S. and Wolford, Robert D. and Schatzer, Reinhold and Gorospe, José M. and Ruiz, Santiago Santa Cruz and Benito, Fernando and Wilson, Blake S.},
    volume = {348},
    isbn = {0000000000000},
    doi = {10.1016/j.heares.2017.02.003},
    issn = {18785891},
    pmid = {26862711}
}

@article{Peelle2018ListeningBehavior,
    title = {{Listening Effort: How the Cognitive Consequences of Acoustic Challenge Are Reflected in Brain and Behavior}},
    year = {2018},
    journal = {Ear and Hearing},
    author = {Peelle, Jonathan},
    number = {2},
    pages = {204--214},
    volume = {39},
    isbn = {0000000000000},
    doi = {10.1097/AUD.0000000000000494},
    issn = {0196-0202 (Print)},
    pmid = {28938250},
    keywords = {2012, 204, 214, 39, acoustic challenge, aging, challenge include back-, ear, external sources of acoustic, hearing 2018, hension, listening effort, speech compre-, working memory}
}

@article{Zaar2017PredictingListeners,
    title = {{Predicting consonant recognition and confusions in normal-hearing listeners}},
    year = {2017},
    journal = {J. Acoust. Soc. Am.},
    author = {Zaar, Johannes and Dau, Torsten},
    number = {2},
    volume = {141},
    doi = {10.1121/1.4976054},
    issn = {0001-4966}
}

@article{Dudley1939RemakingSpeech,
    title = {{Remaking Speech}},
    year = {1939},
    journal = {J. Acoust. Soc. Am.},
    author = {Dudley, Homer},
    number = {2},
    month = {10},
    pages = {169--177},
    volume = {11},
    url = {http://asa.scitation.org/doi/10.1121/1.1916020},
    doi = {10.1121/1.1916020},
    issn = {0001-4966}
}

@article{Zaar2015SourcesListeners,
    title = {{Sources of variability in consonant perception of normal-hearing listeners}},
    year = {2015},
    journal = {J. Acoust. Soc. Am.},
    author = {Zaar, Johannes and Dau, Torsten},
    number = {3},
    volume = {138},
    isbn = {9783319254746},
    doi = {10.1121/1.4928142},
    issn = {0001-4966},
    pmid = {26428764}
}

@misc{Lopez-Poveda2014WhySpeech,
    title = {{Why do I hear but not understand? Stochastic undersampling as a model of degraded neural encoding of speech}},
    year = {2014},
    booktitle = {Frontiers in Neuroscience},
    author = {Lopez-Poveda, Enrique A.},
    number = {OCT},
    volume = {8},
    isbn = {1662-453x},
    doi = {10.3389/fnins.2014.00348},
    issn = {1662453X},
    pmid = {25400543}
}

@article{Arehart2013WorkingDistortion,
    title = {{Working memory, age, and hearing loss: susceptibility to hearing aid distortion}},
    year = {2013},
    journal = {Ear and hearing},
    author = {Arehart, Kathryn H and Souza, Pamela and Baca, Rosalinda and Kates, James M},
    number = {3},
    pages = {251--260},
    volume = {34},
    url = {https://www.ncbi.nlm.nih.gov/pubmed/23291963 https://www.ncbi.nlm.nih.gov/pmc/articles/PMC3636195/},
    doi = {10.1097/AUD.0b013e318271aa5e},
    issn = {1538-4667},
    keywords = {*Speech Acoustics, *Speech Intelligibility, Age Factors, Aged, Aged, 80 and over, Analysis of Variance, Equipment Design, Female, Hearing Aids/*adverse effects, Hearing Loss/*physiopathology, Humans, Linear Models, Male, Memory, Short-Term/*physiology, Middle Aged, Speech Perception/*physiology},
    language = {eng}
}


@article{morise2016world,
  title={{WORLD: a vocoder-based high-quality speech synthesis system for real-time applications}},
  author={Morise, Masanori and Yokomori, Fumiya and Ozawa, Kenji},
  journal={IEICE Trans Info. Sys.},
  volume={99},
  number={7},
  pages={1877--1884},
  year={2016},
  doi={10.1587/transinf.2015EDP7457},
  publisher={The Institute of Electronics, Information and Communication Engineers}
}





@inproceedings{irino2022speech,
  author={Toshio Irino and Honoka Tamaru and Ayako Yamamoto},
  title={{Speech intelligibility of simulated hearing loss sounds and its prediction using the Gammachirp Envelope Similarity Index (GESI)}},
  year=2022,
  booktitle={Proc. Interspeech 2022},
  pages={3929--3933},
  doi={10.21437/Interspeech.2022-211}
}


@article{irino2002segregating,
    title={{Segregating information about the size and shape of the vocal tract using a time-domain auditory model: The stabilised wavelet-Mellin transform}},
  author={Irino, Toshio and Patterson, Roy D},
  journal={Speech Commun.},
  volume={36},
  number={3-4},
  pages={181--203},
  year={2002},
    doi={10.1016/S0167-6393(00)00085-6},
  publisher={Elsevier}
}


@article{yamamoto2020gedi,
  title={{GEDI: Gammachirp envelope distortion index for predicting intelligibility of enhanced speech}},
  author={Yamamoto, Katsuhiko and Irino, Toshio and Araki, Shoko and Kinoshita, Keisuke and Nakatani, Tomohiro},
  journal={Speech Commun.},
  volume={123},
  pages={43--58},
    doi={10.1016/j.specom.2020.06.001},
  year={2020},
  publisher={Elsevier}
}

  


@article{ohashi2018babble,
  title={バブル雑音重畳と強調処理された音声の模擬難聴下における了解度},
  author={大橋成美 and 余村直子 and 山本克彦 and 荒木章子 and 木下慶介 and 中谷智広 and 入野俊夫},
  journal={電子情報通信学会技術研究報告},
  volume={117},
  number={515},
  pages={87--92},
  year={2018},
  publisher={電子情報通信学会}
}

@unpublished{iwaki2019onatsu,
  title={音圧レベル低減が音声了解度に与える影響},
  author={岩城龍之介},
  note={和歌山大学システム工学部卒論},
  year={2019},
}

@article{sakamoto2004complementary,
  title={Complementary relationship between familiarity and SNR in word intelligibility test},
  author={Sakamoto, Shuichi and Iwaoka, Naoki and Suzuki, Y{\^o}iti and Amano, Shigeaki and Kondo, Tadahisa},
 journal = {Acoust. Sci. and Tech.},
  volume={25},
  number={4},
  pages={290--292},
  year={2004},
url = {http://joi.jlc.jst.go.jp/JST.JSTAGE/ast/25.290},
  publisher={Acoustical Society of Japan}
}
%  journal={Acoustical science and technology},



@inproceedings{ribeiro2011crowdmos,
  title={Crowdmos: An approach for crowdsourcing mean opinion score studies},
  author={Ribeiro, Fl{\'a}vio and Flor{\^e}ncio, Dinei and Zhang, Cha and Seltzer, Michael},
  booktitle={2011 IEEE international conference on acoustics, speech and signal processing (ICASSP)},
  pages={2416--2419},
  year={2011},
  organization={IEEE},
  URL={https://ieeexplore.ieee.org/abstract/document/5946971/}
}


@article{wang2014training,
  title={On training targets for supervised speech separation},
  author={Wang, Yuxuan and Narayanan, Arun and Wang, DeLiang},
  journal={IEEE/ACM transactions on audio, speech, and language processing},
  volume={22},
  number={12},
  pages={1849--1858},
  year={2014},
  publisher={IEEE},
  doi={DOI:10.1109/TASLP.2014.2352935}
}

@inproceedings{Ito2017ASJa,
author={伊藤他},
title={統計的空間辞書に基づくオンライン話者識別と適応ビームフォーミングによる複数人会話音声認識のための音声強調},
booktitle={音講論(秋)},
number={3-12-9},
pages={507--508},
year={2017}
}




@article{yamamoto2021crowd,
  title={クラウドソーシングと防音室における音声了解度実験の対比},
  author={山本絢子 and 入野俊夫 and 新井賢一 and 荒木章子 and 小川厚徳 and 木下慶介 and 中谷智広},
  journal={日本音響学会音声研究会},
  volume={120},
  number={SP2020-38},
  pages={79--84},
  year={2021}
}



@inproceedings{irino2022whisASJspring,
author={入野俊夫 and 田丸萌夏 and 山本絢子},
title={{模擬難聴システムWHISの新実装と末梢系特性の音声了解度への影響}},
booktitle={音講論(春)},
number={2-4-13},
pages={665--668},
year={2022}
}



@inproceedings{irino2022gesi,
  title={{Gammachirp Envelope Similarity Index (GESI)による模擬難聴音声の了解度予測 - 防音室実験とクラウドソーシング遠隔実験の主観評価データを用いて -}},
  author={入野俊夫 and 田丸萌夏 and 山本絢子},
  booktitle={音学シンポジウム2022, 音声研究会},
  number={SP2022-17},
  pages={71-76},
  year={2022},
}

% booktitle={電子情報通信学会技術研究報告  音声研究会, 音楽情報科学研究会 (2022年6月)},


@inproceedings{yamamoto2022mvdrASJspring,
author={山本絢子 and 入野俊夫 and  新井賢一 and 荒木章子 and 小川厚徳 and 木下慶介 and 中谷智広},
title={MVDRビームフォーマーによる音声強調処理の了解度評価 ー 防音室実験とクラウドソーシング実験の対比 ー},
booktitle={音講論(春)},
number={1-1P-8},
pages={323--326},
year={2022}
}

% ３月音響学会
--  inproceedings{yamamoto2022mvdr,
  title={MVDRビームフォーマーによる音声強調処理の了解度評価 
− 防音室実験とクラウドソーシング実験の対比 −},
  author={山本絢子 and 入野俊夫 and 新井賢一 and 荒木章子 and 小川厚徳 and 木下慶介 and 中谷智広 },
  booktitle={日本音響学会春季研究発表会 (2022年3月)},
  volume={*},
  number={*},
  pages={*},
  year={2022}
}


@inproceedings{yamamoto2022irm,
author={山本絢子 and 入野俊夫 and  新井賢一 and 荒木章子 and 小川厚徳 and 木下慶介 and 中谷智広},
title={IRMを用いた音声強調処理の主観了解度の上限評価ー 防音室実験とクラウドソーシング実験の対比ー}, 
booktitle={音声研究会,電子情報通信学会技術研究報告}, 
number={SP2021-59,EA2021-74,SIP2021-101},
pages={64--69},
year={2022}
}


% ３月音声研究会
--  inproceedings{yamamoto2022irm,
  title={IRMを用いた音声強調処理の主観了解度の上限評価
- 防音室実験とクラウドソーシング実験の対比 - },
  author={山本絢子 and 入野俊夫 and 新井賢一 and 荒木章子 and 小川厚徳 and 木下慶介 and 中谷智広},
  booktitle={電子情報通信学会技術研究報告  音声研究会(2022年3月)},
  number={*},
  pages={*},
  year={2022}
}




@article{irino2001compressive,
    title={A compressive gammachirp auditory filter for both physiological and psychophysical data},
  Author                   = {Irino, Toshio and Patterson, Roy D},
  Journal                  = {J. Acoust. Soc. Am.},
  Pages                    = {2008--2022},
  Volume                   = {109},
  Year                     = {2001},
  Number                   = {5},
  Doi                      = {10.1121/1.1367253},
  Publisher                = {Acoustical Society of America},
  Timestamp                = {2015.02.18},
}

%   Url                      = {http://dx.doi.org/10.1121/1.1367253}


@book{moore2013introduction,
  title={{An Introduction to the Psychology of Hearing}},
    year = {2013},
    author = {Moore, Brian C. J.},
    edition = {6th},
    publisher = {Brill}
}

    % url = {http://www.brill.com/introduction-psychology-hearing-0},
    address = {Leiden, The Netherlands},
    isbn = {9781780520384},
    keywords = {Brill Academic Publishers}





@article{moore1997model,
  title={A model for the prediction of thresholds, loudness, and partial loudness},
  author={Moore, Brian C J and Glasberg, Brian R and Baer, Thomas},
  journal={J. Audio Eng. Soc. },
  volume={45},
  number={4},
  pages={224--240},
  year={1997},
  publisher={Audio Engineering Society}
}

%   url = {http://www.aes.org/e-lib/browse.cfm?elib=10272},
% url={https://aes2.org/publications/elibrary-page/?id=10272},

  journal={Journal of the Audio Engineering Society},






% Hearing loss simulation



%% Filtering to equalise signal for cochlear presentation:
%% M.A. Stone and B.C.J. Moore, Tolerable hearing-aid delays. I. Estimation of limits imposed by the auditory path alone using simulated hearing losses, Ear Hear. 20: 182-192 (1999). 

@article{stone1999tolerable,
  title={Tolerable hearing aid delays. I. Estimation of limits imposed by the auditory path alone using simulated hearing losses},
  author={Stone, Michael A and Moore, Brian C J},
  journal={Ear and Hearing},
  volume={20},
  number={3},
  pages={182--192},
  year={1999},
  URL={https://journals.lww.com/ear-hearing/Abstract/1999/06000/Tolerable\,Hearing\,Aid\,Delays\,I \,Estimation\,of.2.aspx},
  publisher={LWW}
}


@article{nejime1997simulation,
  title={Simulation of the effect of threshold elevation and loudness recruitment combined with reduced frequency selectivity on the intelligibility of speech in noise},
  author={Nejime, Yoshito and Moore, Brian C J},
    journal={J. Acoust. Soc. Am.},
  volume={102},
  number={1},
  pages={603--615},
  year={1997},
    doi={10.1121/1.419733},
  publisher={Acoustical Society of America}
}



@article{nejime1997simulation_NoTitle,
  title={title略},
  author={Nejime, Yoshito and Moore, Brian C J},
    journal={J. Acoust. Soc. Am.},
  volume={102},
  number={1},
  pages={603--615},
  year={1997},
  publisher={Acoustical Society of America}
}





%  misc{GitHub_WHISGCFB,
%url={https://github.com/AMLAB-Wakayama/},
%title ={ },
% author={ },
% note={Last: 10 Nov 2021} 



  
@article{irino2021asjh_NoTitle,
  title={title略},
  author={入野},
  journal={聴覚研資料},
  volume={H2021-102},
  pages={545--550},
  year={2021},
  publisher={Acoustical Society of Japan}
}




@inproceedings{arai2019predicting,
  title={Predicting Speech Intelligibility of Enhanced Speech Using Phone Accuracy of DNN-Based ASR System.},
  author={Arai, Kenichi and Araki, Shoko and Ogawa, Atsunori and Kinoshita, Keisuke and Nakatani, Tomohiro and Yamamoto, Katsuhiko and Irino, Toshio},
  booktitle={Proc. Interspeech},
  pages={4275--4279},
  year={2019}
}


@article{karbasi2022asr,
  title={ASR-based speech intelligibility prediction: A review},
  author={Karbasi, Mahdie and Kolossa, Dorothea},
  journal={Hearing Research},
  pages={108606},
  year={2022},
  publisher={Elsevier}
}


@article{andersen2018refinement,
  title={Refinement and validation of the binaural short time objective intelligibility measure for spatially diverse conditions},
  author={Andersen, Asger Heidemann and de Haan, Jan Mark and Tan, Zheng-Hua and Jensen, Jesper},
  journal={Speech Commun.},
  volume={102},
  pages={1--13},
  year={2018},
  publisher={Elsevier}
}



@inproceedings{yamamoto2022GESI_NTTWHIS,
  title={客観評価指標{GESI} による音声了解度予測 -- 強調処理音声と音圧低減音声を対象として --},
  author={山本絢子 and 入野俊夫 and 荒木章子 and 田丸萌夏 and 新井賢一 and 小川厚徳 and 木下慶介 and 中谷智広},
  booktitle={信学技報,音声研究会資料},
  volume={52(5), SP2022-41},
  pages={345--350},
  year={2022}
}

@article{irino2012comparison,
  title={Comparison of performance with voiced and whispered speech in word recognition and mean-formant-frequency discrimination},
  author={Irino, Toshio and Aoki, Yoshie and Kawahara, Hideki and Patterson, Roy D },
  journal={Speech Commun.},
  volume={54},
  number={9},
  pages={998--1013},
    DOI={10.1016/j.specom.2012.04.002},
  year={2012}
}

@article{fant1970acoustic,
 title={Acoustic Theory of Speech Production},
 author={Fant, G},
 journal={2nd ed. MOUTON},
 year={1970}
}

@article{Miura1980HearingSpeech,
 title={Hearing and speech, new edition (in japanese)},
 author={Miura, T and Katsuki, Y and Yoshida, T and Kameda, K and Koshikawa, T and Yamaguchi, Z and Nakata, K},
 journal={Institute of Electronics, Information and Communication Engineers},
 year={1980}
}


% --article{Irino2017-fj,
 title={An auditory model of speaker size perception for voiced speech sounds},
 author={Irino, T and Takimoto, E and Matsui, T and Patterson, Roy D},
 journal={Proc. Interspeech 2017},
 pages={1153--1157},
 year={2017},
 publisher={ISCA}
}

@misc{JVPD,
 url={https://research.nii.ac.jp/src/JVPD.html},
 title ={身体情報付き男・女・子どもの母音音声データベース（JVPD）},
 author={出口利定 and 大山玄 and 粕谷英樹},
 year={2011},
 publisher={国立情報学研究所 音声資源コンソーシアム}
 }

@book{cohen1995time,
 title={Time-frequency analysis},
 author={Cohen, L},
 publisher={Prentice hall},
 year={1995}
}

@article{moore2008role,
 title={The role of temporal fine structure processing in pitch perception, masking, and speech perception for normal-hearing and hearing- impaired people},
 author={Moore, B. C},
 journal={Journal of the Association for Research in Otolaryngology},
 volume={9},
 pages={399--406},
 year={2008}
}



@article{smith2007discrimination,
  title={Discrimination of speaker sex and size when glottal-pulse rate and vocal-tract length are controlled},
  author={Smith, David RR and Walters, Thomas C and Patterson, Roy D},
    journal={J. Acoust. Soc. Am.},
  volume={122},
  number={6},
  pages={3628--3639},
  year={2007},
  publisher={AIP Publishing}
}


@article{bleeck2004aim,
 title={Aim-mat: the auditory image model in matlab},
 author={Bleeck, S. and Ives, T. and Patterson, R. D.},
 journal={Acta Acustica United with Acustica},
 volume={90},
 pages={781--787},
 year={2004}
}


@article{terranova2023penguins,
  title={Penguins perceive variations of source-and filter-related vocal parameters of species-specific vocalisations},
  author={Terranova, Francesca and Baciadonna, Luigi and Maccarone, Chiara and Isaja, Valentina and Gamba, Marco and Favaro, Livio},
  journal={Animal Cognition},
  volume={26},
  number={5},
  pages={1613--1622},
  year={2023},
  publisher={Springer}
}

@article{charlton2012estimating,
  title={Estimating the active space of male koala bellows: propagation of cues to size and identity in a eucalyptus forest},
  author={Charlton, Benjamin D and Reby, David and Ellis, William AH and Brumm, Jacqui and Fitch, W Tecumseh},
  year={2012},
  publisher={Public Library of Science San Francisco, USA}
}

@article{kawahara1999restructuring,
  title={{Restructuring speech representations using a pitch-adaptive time--frequency smoothing and an instantaneous-frequency-based F0 extraction: Possible role of a repetitive structure in sounds}},
  author={Kawahara, Hideki and Masuda-Katsuse, Ikuyo and De Cheveigne, Alain},
  journal={Speech Commun.},
  volume={27},
  number={3-4},
  pages={187--207},
  year={1999},
DOI={10.1016/S0167-6393(98)00085-5},
  publisher={Elsevier}
}

@book{denes1993speech,
  title={The speech chain: The Physics and Biology of Spoken Language},
  author={Denes, Peter B and Pinson, Elliot},
  year={1993},
  publisher={W.H. Freeman}
}

@article{miller1947sensitivity,
  title={Sensitivity to changes in the intensity of white noise and its relation to masking and loudness},
  author={Miller, George A},
    journal={J. Acoust. Soc. Am.},
  volume={19},
  number={4},
  pages={609--619},
  year={1947},
  publisher={Acoustical Society of America}
}

@article{cornsweet1965luminance,
  title={Luminance discrimination of brief flashes under various conditions of adaptation},
  author={Cornsweet, Tom N and Pinsker, HM},
  journal={The Journal of Physiology},
  volume={176},
  number={2},
  pages={294},
  year={1965},
  publisher={Wiley-Blackwell}
}

@article{gaudrain2018discrimination,
  title={Discrimination of voice pitch and vocal-tract length in cochlear implant users},
  author={Gaudrain, Etienne and Baskent, Deniz},
  journal={Ear and hearing},
  volume={39},
  number={2},
  pages={226--237},
  year={2018},
  publisher={LWW}
}

@article{ives2005discrimination,
  title={Discrimination of speaker size from syllable phrases},
  author={Ives, D Timothy and Smith, David RR and Patterson, Roy D},
    journal={J. Acoust. Soc. Am.},
  volume={118},
  number={6},
  pages={3816--3822},
  year={2005},
  publisher={AIP Publishing}
}


@incollection{kawahara2005underlying,
  title={Underlying principles of a high-quality speech manipulation system STRAIGHT and its application to speech segregation},
  author={Kawahara, Hideki and Irino, Toshio},
  booktitle={Speech separation by humans and machines},
  pages={167--180},
  year={2005},
  publisher={Springer}
}

@article{irino2006speech,
  title={Speech segregation using an auditory vocoder with event-synchronous enhancements},
  author={Irino, Toshio and Patterson, Roy D and Kawahara, Hideki},
  journal={IEEE transactions on audio, speech, and language processing},
  volume={14},
  number={6},
  pages={2212--2221},
  year={2006},
  publisher={IEEE}
}

@inproceedings{irino2023auditory,
  title={Auditory Representation Effective for Estimating Vocal Tract Information},
  author={Irino,Toshio and Doan, Shintaro },
  booktitle={APSIPA ASC 2023},
  pages={1--4},
  year={2023},
    doi={10.1109/APSIPAASC58517.2023.10317258},
  organization={IEEE}
}




@book{furukawa2021chokaku,
  title={音響学講座5 聴覚},
    year = {2021},
    author = {日本音響学会 編 and 古川茂人 編著},
    publisher = {コロナ社}
}

%音響学講座 聴覚
% 日本音響学会【編】/古川 茂人【編著】


@inproceedings{irino2023kihon,
title={基本周波数適応型聴覚表現による声道長推定'' 信学技報,音声研究会資料},
author={入野俊夫 and 土庵晋太郎},
volume={120, SP2022-56},
pages={95--100},
year={2023}
}

%booktitle={信学技報、音声研究会資料},なぜか文字化け
%仕方ないので、タイトルに情報を入れた。
%latexmkrcの中の、platex --> uplatexに変更しても変わらず。
%https://qiita.com/fujino-fpu/items/d92d185da730e25743cb

%  

%booktitle={音声研究会資料},


% 電子情報通信学会技術研究報告, vol.120, SP2022-56 (EA2022-92, SIP2022-136), pp. 95-100, 沖縄美術館・博物館, 2023年2月28日-3月1日(発表2/28). + x  






@inproceedings{lee1996speaker,
 title={Speaker  normalization  using  efficient  frequency  warping  procedures},
 author={Lee,  Li  and  Rose,  Richard  C},
 booktitle={Proc.  IEEE  ICASSP  1996},
 volume={1},
 pages={353--356},
 year={1996},
}



@article{pitz2005vocal,
 title={Vocal  tract  normalization  equals  linear  transformation  in  cepstral  space},
 author={Pitz,  Michael  and  Ney,  Hermann},
 journal={IEEE  Transactions  on  Speech  and  Audio  Processing},
 volume={13},
 number={5},
 pages={930--944},
 year={2005},
 publisher={IEEE}
}


@inproceedings{sanand2007linear,
 title={Linear  transformation  approach  to  vtln  using  dynamic  frequency  warping},
 author={Sanand,  D  Rama  and  Kumar,  D  Dinesh  and  Umesh,  Srinivasan},
 booktitle={Proc.  Interspeech  2007},
 year={2007}
}


@inproceedings{sarkar2009text,
 title={Text-independent  speaker  identification  using  vocal  tract  length  normalization  for  building  universal  background  model},
 author={Sarkar,  Achintya  Kumar  and  Umesh,  Srinivasan  and  Rath,  Shakti  Prasad},
 booktitle={Proc.  Interspeech  2009},
 pages=  {2331–2334},
 year={2009}
}



@inproceedings{jaitly2013vocal,
 title={{Vocal  tract  length  perturbation  (VTLP)  improves  speech  recognition}},
 author={Jaitly,  Navdeep  and  Hinton,  Geoffrey  E},
 booktitle={Proc.  ICML  Workshop  on  Deep  Learning  for  Audio,  Speech  and  Language},
 volume={117},
 pages={21},
 year={2013}
}


@inproceedings{serizel2014vocal,
 title={Vocal  tract  length  normalisation  approaches  to  DNN-based  children's  and  adults'  speech  recognition},
 author={Serizel,  Romain  and  Giuliani,  Diego},
 booktitle={2014  IEEE  Spoken  Language  Technology  Workshop  (SLT)},
 pages={135--140},
 year={2014},
 organization={IEEE}
}


@article{tan2021vocal,
 title={Vocal  tract  length  perturbation  for  text-dependent  speaker  verification  with  autoregressive  prediction  coding},
 author={Tan,  Zheng-Hua  and  others},
 journal={IEEE  Signal  Processing  Letters},
 volume={28},
 pages={364--368},
 year={2021},
 publisher={IEEE}
}


@article{patterson1995time,
  title={Time-domain modeling of peripheral auditory processing: A modular architecture and a software platform},
  author={Patterson, Roy D and Allerhand, Mike H and Giguere, Christian},
  journal={J. Acoust. Soc. Am.},
  volume={98},
  number={4},
  pages={1890--1894},
  year={1995},
    url = {http://scitation.aip.org/content/asa/journal/jasa/98/4/10.1121/1.414456},
    doi = {10.1121/1.414456},
  publisher={Acoustical Society of America}
}


@article{irino2010hajimete,
  title={はじめての聴覚フィルタ (やさしい解説)'' 日本音響学会誌 },
  author={入野俊夫},
    journal={},
  volume={66},
  number={10},
  pages={506--512},
  year={2010},
  publisher={一般社団法人 日本音響学会}
}

@article{irino2023improving,
  title={Improving auditory filter estimation by incorporating absolute threshold and a level-dependent internal noise},
  author={Toshio Irino and Kenji Yokota and Roy D. Patterson},
    journal={Trends in Hearing},
  volume={},
  pages={to be published},
  year={2023},
  doi={10.1177/23312165231209750}
}



%Manuscript DOI:	10.1177/23312165231209750
%Journal:	Trends in Hearing

%  journal={日本音響学会誌}, なぜか文字化


@misc{DemoAuditoryFilter,
url={https://github.com/irino-amlab/DemoAuditoryFilter}
}

@article{livingston2020dementia,
     title={Dementia prevention, intervention, and care: 2020 report of the Lancet Commission},
     author={Livingston, Gill and Huntley, Jonathan and others},
     journal={The Lancet},
     volume={396},
     number={10248},
     pages={413--446},
     year={2020},
     publisher={Elsevier},
    DOI={10.1016/S0140-6736(20)30367-6}
}

%     author={Livingston, Gill and Huntley, Jonathan and Sommerlad, Andrew and Ames, David and Ballard, Clive and Banerjee, Sube and Brayne, Carol and Burns, Alistair and Cohen-Mansfield, Jiska and Cooper, Claudia and others},

--- article{irino2022whis,
    title={模擬難聴技術とその応用'' 日本音響学会誌 },
    author={入野俊夫},
    journal = {},
    volume={78},
    number={12},
    pages={718--723},
    year={2022},
}


% 入野俊夫,"模擬難聴技術とその応用," 日本音響学会誌, 78巻12号, pp. 718-723, Dec. 2022. [10.20697/jasj.78.12_718] *  

@article{irino2022moginancho,
  title={模擬難聴技術とその応用},
  author={入野俊夫},
  journal={日本音響学会誌},
  volume={78},
  number={12},
  pages={718--723},
  year={2022},
  publisher={一般社団法人 日本音響学会}
}




@misc{keioESD,
 title ={{Keio University Japanese Emotional Speech Database (Keio-ESD)}},
 author={Tsuyoshi Moriyama},
    howpublished = {https://research.nii.ac.jp/src/en/Keio-ESD.html},
 doi={10.32130/src.Keio-ESD},
  publisher={Speech Resource Consortium at National Institute of Informatics},
 year={2011},
}

https://research.nii.ac.jp/src/Keio-ESD.html
@misc{keioESD-J,
 title ={{慶應義塾大学 研究用感情音声データベース（Keio-ESD）}},
 author={森山剛},
 howpublished={NII 音声資源コンソーシアム},
 doi={10.32130/src.Keio-ESD},
  publisher={Speech Resource Consortium at National Institute of Informatics},
 year={2011},
}
    howpublished = {https://research.nii.ac.jp/src/en/Keio-ESD.html},

%at misc{keioESD,
% title ={慶應義塾大学 研究用感情音声データベース（Keio-ESD）},
 %doi={10.32130/src.Keio-ESD},
% year={2011},
%}


@article{ekman1992argument,
  title={An argument for basic emotions},
  author={Ekman, Paul},
  journal={Cognition \& emotion},
  volume={6},
  number={3-4},
  pages={169--200},
  year={1992},
    DOI={10.1080/02699939208411068},
  publisher={Taylor \& Francis}
}


%最新のものアリ？要確認
%  journal={電子情報通信学会技術研究報告}, なぜか文字化
% at  article {kawahara2022WORLDGUI,
%  title={音声分析合成基盤 WORLD の GUI 実装と見えてきた課題, '' 電子情報通信学会技術研究報告},
%  author={河原英紀 and 森勢将雅},
%  volume={122},
%  number={81},
%  pages={3--6},
%  year={2022}
%}




@article{barrett1999structure,
  title={The structure of current affect: Controversies and emerging consensus},
  author={Barrett, Lisa Feldman and Russell, James A},
  journal={Current directions in psychological science},
  volume={8},
  number={1},
  pages={10--14},
  year={1999},
  publisher={SAGE Publications Sage CA: Los Angeles, CA}
}

@article{russell1980circumplex,
  title={A circumplex model of affect},
  author={Russell, James A},
  journal={Journal of Personality and Social Psychology},
  volume={39},
  number={6},
  pages={1161},
  year={1980},
    DOI={10.1037/h0077714},
  publisher={American Psychological Association}
}

@article{morimoto2019Two-PointTMTF,
  title={Two-Point Method for Measuring the Temporal Modulation Transfer Function.},
  author={Morimoto, Takashi and Irino, Toshio and Harada, Kouta and Nakaichi, Takeshi and Okamoto, Yasuhide and Kanno, Ayako and Kanzaki, Sho and Ogawa, Kaoru},
  journal={Ear and Hearing},
  volume={40},
  number={1},
  pages={55--62},
  year={2019},
  publisher={LWW}
}


@article{duncan2007affect,
  title={Affect is a form of cognition: A neurobiological analysis},
  author={Duncan, Seth and Barrett, Lisa Feldman},
  journal={Cognition and emotion},
  volume={21},
  number={6},
  pages={1184--1211},
  year={2007},
    DOI={10.1080/02699930701437931},
  publisher={Taylor \& Francis}
}


@book{dillon2012hearing,
  title={Hearing aids, second edition},
  author={Dillon, Harvey},
  year={2012},
  publisher={Thieme Medical Pub}
}

%登録情報
%ASIN : 1604068108
%出版社 : Thieme Medical Pub; 第2版 (2012/6/15)
%発売日 :  2012/6/15

@article{bachorowski1999vocal,
  title={Vocal expression and perception of emotion},
  author={Bachorowski, Jo-Anne},
  journal={Current directions in psychological science},
  volume={8},
  number={2},
  pages={53--57},
  year={1999},
    DOI={10.1111/1467-8721.00013},
  publisher={SAGE Publications Sage CA: Los Angeles, CA}
}

@article{ben2019age,
  title={Age-related differences in the perception of emotion in spoken language: The relative roles of prosody and semantics},
  author={Ben-David, Boaz M and Gal-Rosenblum, Sarah and van Lieshout, Pascal HHM and Shakuf, Vered},
  journal={Journal of Speech, Language, and Hearing Research},
  volume={62},
  number={4S},
  pages={1188--1202},
  year={2019},
    DOI={10.1044/2018_JSLHR-H-ASCC7-18-0166},
  publisher={ASHA}
}

@article{liebenthal2016language,
  title={The language, tone and prosody of emotions: neural substrates and dynamics of spoken-word emotion perception},
  author={Liebenthal, Einat and Silbersweig, David A and Stern, Emily},
  journal={Frontiers in neuroscience},
  volume={10},
  pages={187211},
  year={2016},
    DOI={10.3389/fnins.2016.00506},
  publisher={Frontiers}
}

@article{murray1993toward,
  title={Toward the simulation of emotion in synthetic speech: A review of the literature on human vocal emotion},
  author={Murray, Iain R and Arnott, John L},
  journal={J. Acoust. Soc. Am.},
  volume={93},
  number={2},
  pages={1097--1108},
  year={1993},
    DOI={10.1121/1.405558},
  publisher={Acoustical Society of America}
}


@article{amorim2021changes,
  title={Changes in vocal emotion recognition across the life span.},
  author={Amorim, Maria and Anikin, Andrey and Mendes, Augusto J and Lima, C{\'e}sar F and Kotz, Sonja A and Pinheiro, Ana P},
  journal={Emotion},
  volume={21},
  number={2},
  pages={315},
  year={2021},
    DOI={10.1037/emo0000692},
  publisher={American Psychological Association}
}


@article{sen2018age,
  title={Age differences in vocal emotion perception: on the role of speaker age and listener sex},
  author={Sen, Antarika and Isaacowitz, Derek and Schirmer, Annett},
  journal={Cognition and Emotion},
  volume={32},
  number={6},
  pages={1189--1204},
  year={2018},
  publisher={Taylor \& Francis}
}


@inproceedings{kawahara2008tandem,
  title={{Tandem-STRAIGHT: A temporally stable power spectral representation for periodic signals and applications to interference-free spectrum, F0, and aperiodicity estimation}},
  author={Kawahara, Hideki and Morise, Masanori and Takahashi, Toru and Nisimura, Ryuichi and Irino, Toshio and Banno, Hideki},
  booktitle={2008 IEEE International Conference on Acoustics, Speech and Signal Processing},
  pages={3933--3936},
  year={2008},
    DOI={10.1109/ICASSP.2008.4518514},
}
%  organization={IEEE}

@inproceedings{kawahara2022WORLDGUI,
  title={{Issues emerged from implementation of GUI tools for WORLD VOCODER}},
  author={Kawahara, Hideki and Morise, Masanori},
  Booktitle={IEICE tech. rep. (in Japanese)},
  volume={122},
  number={81},
  pages={3--6},
  year={2022}
}


@article{kawahara2024interactive,
  author={Kawahara, Hideki and Morise, Masanori},
  title={Interactive tools for making temporally variable, multiple-attributes, and multiple-instances morphing accessible: Flexible manipulation of divergent speech instances for explorational research and education},
  journal={Acoust. Sci. \& Tech. },
    pages={48-51},
  year={2024},
  DOI = {10.1250/ast.e24.43}
}
%  URL={https://doi.org/10.1250/ast.e24.43},

%  https://doi.org/10.48550/arXiv.2404.13418



@article{mill2009age,
  title={Age-related differences in emotion recognition ability: a cross-sectional study.},
  author={Mill, Aire and Allik, J{\"u}ri and Realo, Anu and Valk, Raivo},
  journal={Emotion},
  volume={9},
  number={5},
  pages={619},
  year={2009},
    DOI={10.1037/a0016562},
  publisher={American Psychological Association}
}
%  Abstract
Experimental studies indicate that recognition of emotions, particularly negative emotions, decreases with age. However, there is no consensus at which age the decrease in emotion recognition begins, how selective this is to negative emotions, and whether this applies to both facial and vocal expression. In the current cross-sectional study, 607 participants ranging in age from 18 to 84 years (mean age = 32.6 ± 14.9 years) were asked to recognize emotions expressed either facially or vocally. In general, older participants were found to be less accurate at recognizing emotions, with the most distinctive age difference pertaining to a certain group of negative emotions. Both modalities revealed an age-related decline in the recognition of sadness and—to a lesser degree—anger, starting at about 30 years of age. Although age-related differences in the recognition of expression of emotion were not mediated by personality traits, 2 of the Big 5 traits, openness and conscientiousness, made an independent contribution to emotion-recognition performance. Implications of age-related differences in facial and vocal emotion expression and early onset of the selective decrease in emotion recognition are discussed in terms of previous findings and relevant theoretical models. (PsycINFO Database Record (c) 2016 APA, all rights reserved)}
}

@article{paulmann2008aging,
  title={How aging affects the recognition of emotional speech},
  author={Paulmann, Silke and Pell, Marc D and Kotz, Sonja A},
  journal={Brain and language},
  volume={104},
  number={3},
  pages={262--269},
  year={2008},
DOI={10.1016/j.bandl.2007.03.002},
  publisher={Elsevier}
}

% To successfully infer a speaker’s emotional state, diverse sources of emotional information need to be decoded. The present study explored to what extent emotional speech recognition of ‘basic’ emotions (anger, disgust, fear, happiness, pleasant surprise, sadness) differs between different sex (male/female) and age (young/middle-aged) groups in a behavioural experiment. Participants were asked to identify the emotional prosody of a sentence as accurately as possible. As a secondary goal, the perceptual findings were examined in relation to acoustic properties of the sentences presented. Findings indicate that emotion recognition rates differ between the different categories tested and that these patterns varied significantly as a function of age, but not of sex.


@article{orbelo2005impaired,
  title={Impaired comprehension of affective prosody in elderly subjects is not predicted by age-related hearing loss or age-related cognitive decline},
  author={Orbelo, Diana M and Grim, Michael A and Talbott, Richard E and Ross, Elliott D},
  journal={Journal of Geriatric Psychiatry and Neurology},
  volume={18},
  number={1},
  pages={25--32},
  year={2005},
    DOI={10.1177/0891988704272214},
  publisher={Sage Publications Sage CA: Thousand Oaks, CA}
}


@article{irino2024effects,
  title={Effects of age and hearing loss on speech emotion discrimination},
  author={Irino, Toshio and Hanatani, Yukiho and Kishida, Kazuma and Naito, Shuri and Kawahara, Hideki},
  journal={Scientific Reports},
  year={2024},
  volume={14},
number= {18328},
pages={1-8},
   DOI={10.1038/s41598-024-69216-7},
  publisher={Nature}
}

18328 (2024), published 7 Aug 2024, [DOI: ]


-- article{irino2024effects,
  title={Effects of age and hearing loss on speech emotion discrimination},
  author={Irino, Toshio and Hanatani, Yukiho and Kishida, Kazuma and Naito, Shuri and Kawahara, Hideki},
  journal={PsyArXiv preprints, 10.31234/osf.io/cnq5w},
  year={2024},
   DOI={10.31234/osf.io/cnq5w},
  publisher={OSF}
}


@inproceedings{horibe2024onsei,
  title={音声モーフィングにおける自動対応付けの提案と品質評価},
  author={堀部貴紀，森勢将雅},
  Booktitle={日本音響学会第151回春季研究発表会講演論文集},
  number={2--P--19},
  pages={1003--1004},
  year={2024}
}
  % journal={日本音響学会秋季研究発表会講演論文}



@article{gu2019integrative,
  title={An integrative way for studying neural basis of basic emotions with fMRI},
  author={Gu, Simeng and Wang, Fushun and Cao, Caiyun and Wu, Erxi and Tang, Yi-Yuan and Huang, Jason H},
  journal={Frontiers in Neuroscience},
  volume={13},
  pages={628},
  year={2019},
  publisher={Frontiers Media SA}
}

@article{christensen2019effects,
  title={Effects of age and hearing loss on the recognition of emotions in speech},
  author={Christensen, Julie A and Sis, Jenni and Kulkarni, Aditya M and Chatterjee, Monita},
  journal={Ear and hearing},
  volume={40},
  number={5},
  pages={1069--1083},
  year={2019},
    doi={10.1097/AUD.0000000000000694},
  publisher={LWW}
}

% https://doi.org/10.1097/AUD.0000000000000694

%Goy, H., Pichora-Fuller, K. M., Singh, G., & Russo, F. A. 

@article{goy2018hearing,
  title={Hearing aids benefit recognition of words in emotional speech but not emotion identification},
  author={Goy, Huiwen and Pichora-Fuller, M Kathleen and Singh, Gurjit and Russo, Frank A},
  journal={Trends in hearing},
  volume={22},
  pages={1-16},
  year={2018},
    doi={10.1177/2331216518801736},
  publisher={SAGE Publications Sage CA: Los Angeles, CA}
}


@article{singh2019emotional,
  title={The emotional communication in hearing questionnaire (EMO-CHeQ): Development and evaluation},
  author={Singh, Gurjit and Liskovoi, Lisa and Launer, Stefan and Russo, Frank},
  journal={Ear and Hearing},
  volume={40},
  number={2},
  pages={260--271},
  year={2019},
    doi={10.1097/AUD.0000000000000611},
  publisher={LWW}
}
% https://doi.org/10.1097/AUD.0000000000000611

@article{morgan2022perceived,
  title={Perceived Anger in Clear and Conversational Speech: Contributions of Age and Hearing Loss},
  author={Morgan, Shae D and Ferguson, Sarah Hargus and Crain, Ashton D and Jennings, Skyler G},
  journal={Brain Sciences},
  volume={12},
  number={2},
  pages={210},
  year={2022},
    doi={10.3390/brainsci12020210},
  publisher={MDPI}
}


@article{laukka2005categorical,
  title={Categorical perception of vocal emotion expressions.},
  author={Laukka, Petri},
  journal={Emotion},
  volume={5},
  number={3},
  pages={277},
  year={2005},
    doi={10.1037/1528-3542.5.3.277},
  publisher={American Psychological Association}
}


@inproceedings{irino2024signal,
  title={Signal processing algorithm effective for sound quality of hearing loss simulators},
  author={Irino, Toshio and Doan, Shintaro and Ishikawa, Minami },
  booktitle={Proc. Interspeech 2024},
  pages={882--886},
  doi={10.21437/Interspeech.2024-111},
  year={2024}
}

%  publisher={ISCA}  
% url={https://arxiv.org/abs/2406.05286},
%  year={2024},
%  URL={https://arxiv.org/}
  
@article{irino2018auditory,
  title={Auditory filter derivation at low levels where masked threshold interacts with absolute threshold},
  author={Irino, Toshio and Yokota, Kenji and Matsui, Toshie and Patterson, Roy D},
  journal={Acta Acustica United with Acustica},
  volume={104},
  number={5},
  pages={887--890},
  year={2018},
  publisher={S. Hirzel Verlag}
}


%  author={Yamamoto, Ayako and Irino, Toshio and Arai, Kenichi and Araki, Shoko and Ogawa, Atsunori and Kinoshita, Keisuke and Nakatani, Tomohiro },
@inproceedings{yamamoto2022intelligibility,
  title={Subjective intelligibility of speech sounds  enhanced by ideal ratio mask via crowdsourced remote experiments with effective data screening},
    author={Yamamoto, Ayako and Irino, Toshio and Arai, Kenichi and Araki, Shoko and Ogawa, Atsunori and Kinoshita, Keisuke and Nakatani, Tomohiro },
  booktitle={Preprint: arXiv:2203.16760},
  pages={-},
  url={https://doi.org/10.48550/arXiv.2203.16760},
  year={2022}
}


@inproceedings{yamamoto2022effective,
  title={Effective data screening technique for crowdsourced speech intelligibility experiments: Evaluation with IRM-based speech enhancement},
    author={Ayako Yamamoto and Toshio Irino and  Shoko Araki and Kenichi Arai and Atsunori Ogawa and Keisuke Kinoshita and Tomohiro Nakatani },
  booktitle={Proc. APSIPA ASC 2022},
  pages={1402--1408},
  doi={10.23919/APSIPAASC55919.2022.9979946},
  year={2022}
}
%  url={https://doi.org/10.48550/arXiv.2203.16760},




@inproceedings{huckvale2022elo,
  title={{ELO-SPHERES intelligibility prediction model for the Clarity Prediction Challenge 2022}},
  author={Huckvale, Mark and Hilkhuysen, Gaston},
  booktitle={Proc. Interspeech 2022},
    doi={10.21437/Interspeech.2022-10521},
  year={2022}
}

@article{tu2022exploiting,
  title={{Exploiting hidden representations from a DNN-based speech recogniser for speech intelligibility prediction in hearing-impaired listeners}},
  author={Tu, Zehai and Ma, Ning and Barker, Jon},
  journal={arXiv preprint arXiv:2204.04287},
  year={2022}
}

@inproceedings{kamo2022conformer,
  title={Conformer-based fusion of text, audio, and listener characteristics for predicting speech intelligibility of hearing aid users},
  author={Kamo, Naoyuki and Arai, Kenichi and Ogawa, Atsunori and Araki, Shoko and Nakatani, Tomohiro and Kinoshita, Keisuke and Delcroix, Marc and Ochiai, Tsubasa and Irino, Toshio},
  booktitle={Proc. The 2nd Clarity Workshop on Machine Learning Challenges for Hearing Aids (Clarity-2022), Online},
    url={https://claritychallenge.org/clarity2022-workshop/papers/Clarity_2022\_CPC1\_paper\_kamo.pdf},
  year={2022}
}

@inproceedings{barker20221st,
  title={{The 1st clarity prediction challenge: A machine learning challenge for hearing aid intelligibility prediction}},
  author={Barker, Jon and Akeroyd, Michael and Cox, Trevor J and Culling, John F and Firth, Jennifer and Graetzer, Simone and Griffiths, Holly and Harris, Lara and Naylor, Graham and Podwinska, Zuzanna and others},
  booktitle={Proc. Interspeech 2022},
    doi={10.21437/Interspeech.2022-10821},
  year={2022}
}

@inproceedings{barker20242nd,
  title={{The 2nd clarity prediction challenge: A machine learning challenge for hearing aid intelligibility prediction}},
  author={Barker, Jon and Akeroyd, Michael and Bailey, Will  and Cox, Trevor J and Culling, John F and Firth, Jennifer and Graetzer, Simone and Naylor, Graham},
  booktitle={Proc. ICASSP 2024},
    doi={10.1109/ICASSP48485.2024.10446441},
  year={2024}
}



@article{nilsson1994development,
  title={{Development of the Hearing in Noise Test for the measurement of speech reception thresholds in quiet and in noise}},
  author={Nilsson, Michael and Soli, Sigfrid D and Sullivan, Jean A},
  journal={J. Acoust. Soc. Am.},
  volume={95},
  number={2},
  pages={1085--1099},
  year={1994},
    doi={10.1121/1.408469},
  publisher={Acoustical Society of America}
}



@article{kates2021hearing,
  title={{The hearing-aid speech perception index (HASPI) version 2}},
  author={Kates, James M and Arehart, Kathryn H},
  journal={Speech Communication},
  volume={131},
  pages={35--46},
  year={2021},
    doi={10.1016/j.specom.2020.05.001},
  publisher={Elsevier}
}


@article{milne2021online,
  title={An online headphone screening test based on dichotic pitch},
  author={Milne, Alice E and Bianco, Roberta and Poole, Katarina C and Zhao, Sijia and Oxenham, Andrew J and Billig, Alexander J and Chait, Maria},
  journal={Behavior Research Methods},
  volume={53},
  pages={1551--1562},
  year={2021},
    doi={10.3758/s13428-020-01514-0},
  publisher={Springer}
}


@inproceedings{kondo2013hyakurakan,
    author={Kondo, Tadahisa and Amano, Shigeaki},
  title={{Hyakurakan: Kanji tests to control for differences in language ability among  participants in the experiment (in Japanese)}},
  booktitle={Report of Japan Cognitive Science Society, JCSS-TR-69},
  vol={JCSS-TR-69},
  year={2013}
}

% 実験参加者の言語能力差の統制のための漢字テスト近藤 公久 天野 


@article{french1947factors,
 author={French, Norman R and Steinberg, John C},
  title={Factors governing the intelligibility of speech sounds},
  journal={J. Acoust. Soc. Am.},
  volume={19},
  number={1},
  pages={90--119},
  year={1947},
  doi={10.1121/1.1916407},
  publisher={Acoustical Society of America}
}
%https://doi.org/10.1121/1.1916407



@inproceedings{kondo2011spoken,
  title={Spoken word intelligibility tests under noisy conditions},
  author={Kondo, Tadahisa and Sakamoto, Shuichi and Amano, Shigeaki and Suzuki, Y{\^o}iti},
  booktitle={Proc. 40th INTER-NOISE 2011},
  pages={1640--1646},
  year={2011}
}



@inproceedings{sakamoto2006new,
  title={New 20-word lists for word intelligibility test in Japanese},
  author={Sakamoto, Shuichi and Yoshikawa, Tadahiro and Amano, Shigeaki and Suzuki, Y{\^o}iti and Kondo, Tadahisa},
  booktitle={Proc. Interspeech 2006 - ICSLP},
DOI={10.21437/Interspeech.2006-561},
  pages={2158--2161},
  year={2006}
}
%    url={https://www.isca-speech.org/archive\_v0/archive_papers/interspeech\_2006/i06\_1517.pdf},



@article{amano2009development,
  title={{Development of familiarity-controlled word lists 2003 (FW03) to assess spoken-word intelligibility in Japanese}},
  author={Amano, Shigeaki and Sakamoto, Shuichi and Kondo, Tadahisa and Suzuki, Y{\^o}iti},
  journal={Speech Communication},
  volume={51},
  number={1},
  pages={76--82},
  year={2009},
doi={10.1016/j.specom.2008.07.002},
  publisher={Elsevier}
}



%_article{Amano2009FW03,
  title={Development of familiarity-controlled word lists 2003 (FW03) to assess spoken-word intelligibility in Japanese},
  author={Amano, Shigeaki and Sakamoto, Shuichi and Kondo, Tadahisa and Suzuki, Y{\^o}iti},
  journal={Speech Commun.},
  volume={51},
  number = {1},
  pages={76--82},
  year={2009},
  publisher={Elsevier}
}



@unpublished{FW07_Eng,
  title={Familiarity-controlled word lists 2007 (FW07)},
  author={Kondo, Tadahisa and Amano, Shigeaki and Sakamoto, Shunichi and  Suzuki, Y{\^o}iti},
  note={The Speech Resources Consortium, National Institute of Informatics, Japan},
  year={2007},  
  URL = {http://research.nii.ac.jp/src/FW07.html}
}

@unpublished{FW07,
  title={親密度別単語了解度試験用音声データセット2007 (FW07)},
  author={近藤公久 and 天野成昭 and 坂本修一 and 鈴木陽一},
  note={音声資源コンソーシアム, 国立情報学研究所},
  year={2007}
}

@inproceedings{imai1983cepstral,
  title={Cepstral analysis synthesis on the mel frequency scale},
  author={Imai, Satoshi},
  booktitle={ICASSP'83. IEEE International Conference on Acoustics, Speech, and Signal Processing},
  volume={8},
  pages={93--96},
  year={1983},
    doi={10.1109/ICASSP.1983.1172250},
  organization={IEEE}
}

% SciRep24での文献対応済み 27 Jul 2024


@article{cohen1992power,
  author={Cohen, Jacob},
  title={A power primer},
 journal={Psychological Bulletin},
    volume={112},
    pages={155--159},
  year={1992},
doi= {10.1037/0033-2909.112.1.155},
  publisher={American Psychological Association}
}
% https://doi.org/10.1037/0033-2909.112.1.155

@article{faul2007g,
  title={G* Power 3: A flexible statistical power analysis program for the social, behavioral, and biomedical sciences},
  author={Faul, Franz and Erdfelder, Edgar and Lang, Albert-Georg and Buchner, Axel},
  journal={Behavior research methods},
  volume={39},
  number={2},
  pages={175--191},
  year={2007},
doi={10.3758/BF03193146},
  publisher={Springer}
}

% JASA24での文献対応  8 Aug 2024
% このようにどんどん付け加える

@article{byrne1986national,
  title={{The National Acoustic Laboratories'(NAL) new procedure for selecting the gain and frequency response of a hearing aid}},
  author={Byrne, Denis and Dillon, Harvey},
  journal={Ear and hearing},
  volume={7},
  number={4},
  pages={257--265},
  year={1986},
    url={https://journals.lww.com/ear-hearing/abstract/1986/08000/the\_national\_acoustic\_laboratories\_nal\_new.7.aspx},
  publisher={LWW}
}

@article{ieee1969recommended,
title={{IEEE recommended practice for speech quality measurements}},
author = {{IEEE}},
  journal={IEEE Transactions on Audio and Electroacoustics},
  volume={17},
  number={3},
  pages={257--265},
  year={1969},
doi={10.1109/TAU.1969.1162058},
  publisher={IEEE}
}


% Toshio Irino, "Hearing impairment simulator based on auditory excitation pattern playback: WHIS," IEEE access, Vol.11, pp.78419--78430, 25 July 2023 [DOI: 10.1109/ACCESS.2023.3298673] (Open Access) *

% article %{ irino2023hearing,
%   title={Hearing impairment simulator based on auditory excitation pattern playback: WHIS},
%   author={Irino, Toshio},
%   journal={IEEE access},
%   year={2023},
%   publisher={IEEE}
% }



@inproceedings{mori2024chouryoku,
  title={聴力の変化が音声の弁別に与える影響: 模擬難聴システムと音声モーフィングを用いた検討},
  author={森滉斗, 河原英紀, 松井淑恵},
  booktitle={日本音響学会春季研究発表会講演論文集},
  volume={3--3--7},
  pages={555--556},
  year={2024}
}


@inproceedings{teramoto2024roujinsei,
  title={老人性難聴が音声に含まれる感情の知覚に与える影響},
  author={寺元麻稀, 森滉斗, 河原英紀, 松井淑恵},
  booktitle={日本音響学会春季研究発表会講演論文集},
  volume={3--3--8},
  pages={557--558},
  year={2024}
}

@inproceedings{uesugi2024moginancho,
  title={模擬難聴システムを用いた難聴状態における ポップアウトボイスの明瞭性と音響特徴の関係の調査},
  author={上杉亮介，坂野秀樹},
  booktitle={日本音響学会秋季研究発表会講演論文集},
  volume={2--Q--29},
  pages={1223--1224},
  year={2024}
}

@inproceedings{hanatani2024onsei,
  title={音声からの感情弁別に対する難聴の影響 ー 高齢難聴者と模擬難聴者の実験 ー},
  author={花谷幸歩, 岸田一馬, 内藤朱里, 河原英紀, 入野俊夫},
  booktitle={日本音響学会聴覚研究会資料},
  volume={54,H-2024-44},
  pages={227--232},
  year={2024}
}

  author={花谷幸歩, 岸田一馬, 内藤朱里, 河原英紀, 入野俊夫},


%花谷 幸歩, 岸田一馬, 内藤朱里, 河原英紀, 入野俊夫, "音声からの感情弁別に対する難聴の影響 -高齢難聴者と模擬難聴者の実験-" 日本音響学会聴覚研究会資料, Vol. 54, No. 2, pp.227-232,H-2024-44, 那覇市テンブス館,沖縄, 2024年2月22日-23日

@inproceedings{hanatani2025onsei,
  title={音声からの感情弁別における若年者と高齢者の比較ー落着きと怒り・悲しみ・喜びとの間の弁別 ー},
  author={花谷幸歩，黒谷悠太，山崎花梨，河原英紀，入野俊夫},
  booktitle={日本音響学会 聴覚研究会 (2025年1月)\textcolor{red}{(執筆中. 書誌情報更新予定)}},
  volume={ー},
  pages={ー},
  year={2025}
}

% 音声からの感情弁別における若年者と高齢者の比較ー落着きと怒り・悲しみ・喜びとの間の弁別 ー
% 〇花谷幸歩（和歌山大院），黒谷悠太，山崎花梨，河原英紀，入野俊夫（和歌山大）

P Boersma, V Van Heuven
Praat, a system for doing phonetics by computer.


@article{boersma2001speak,
  title={{Speak and unSpeak with PRAAT}},
  author={Boersma, Paul and Van Heuven, Vincent},
  journal={Glot International},
  volume={5},
  number={9/10},
  pages={341--347},
  year={2001}
}


@book{mori2014onsei,
  title={音声は何を伝えているか—感情・パラ言語情報・個人性の音声科学—},
  author={森大毅},
  year={2014},
    publisher={日本音響学会}
}


%%------------- ここから新たに追加 ----------------%%

@book{ogushi2019Book,
    title={音響聴覚心理学},
    author={大串健吾},
    publisher={誠信書房},
    year={2019},
}


@article{furukawa2017chokaku,
    title = {{聴覚末梢系の概要(---小特集---聴覚末梢系に係る最近の研究事例)}},
    year = {2017},
    journal = {日本音響学会誌},
    author = {茂人, 古川},
    number = {10},
    pages = {639--644},
    volume = {73},
    doi = {10.20697/jasj.73.10{\_}639}
}

@article{furukawa2016time,
  title   = {聴覚の時間情報処理},
  author  = {古川茂人},
  journal = {AUDIOLOGY JAPAN},
  volume  = {59},
  number  = {6},
  pages   = {615--622},
  year    = {2016}
}


@unpublished{higashiyama2020WHIS,
    title={模擬難聴システムWHISを用いた発声訓練音声の明瞭性評価と音響特徴量分析},
    author={東山宗一},
    note={和歌山大学大学院システム工学研究科, 修士論文},
    year={2020},
}

@unpublished{yamamoto2019OIM,
    title={聴覚計算理論に基づく音声了解度の客観評価指標},
    author={山本克彦},
    note={和歌山大学大学院システム工学研究科, 博士論文},
    year={2019},
}

@unpublished{nagae2016WHIS,
    title={聴覚の圧縮特性のキャンセル処理による模擬難聴とその応用},
    author={永江美沙貴},
    note={和歌山大学大学院システム工学研究科, 修士論文},
    year={2016},
}

@unpublished{yamamoto2023GESI,
    title={高齢難聴者の音声了解度予測を目指した客観評価指標{GESI}の開発},
    author={山本絢子},
    note={和歌山大学大学院システム工学研究科, 修士論文},
    year={2023},
}

@unpublished{hanatani2023Emo,
    title={喜びと悲しみの間の音声感情知覚における模擬難聴処理の影響},
    author={花谷幸歩},
    note={和歌山大学大学院システム工学部, 卒業論文},
    year={2023},
}

@article{Schuknecht1993presbycusis,
  title    = {Cochlear pathology in presbycusis},
  author   = {Schuknecht, Harold F. and Gacek, Mark R.},
  journal  = {Annals of Otology},
  booktitle = {Rhinology & Laryngology.},
  volume   = {102},
  pages    = {1--16},  
  year     = {1993},
}

@article{tuiki2003eldery,
  title   = {加齢による聴力悪化の計算式},
  author  = {立木孝 and 一戸孝七},
  journal = {AUDIOLOGY JAPAN},
  volume  = {46},
  number  = {4},
  pages   = {235--240},
  year    = {2003}
}



@book{furui1985digital,
  title={ディジタル音声処理},
  author={古井貞煕},
  year={1985},
  publisher={東海大学出版会}
}

@article{shirasawa1996Emo,
    title = {音声が人間に与える感性情報の分析},
    year = {1996},
    journal = {テレビジョン学会技術報告},
    author = {敏行,白澤 and  義弘,加藤 and  昇,大西},
    number = {38},
    pages = {47--52},
    volume = {20},
    doi = {10.11485/tvtr.20.38{\_}47}
}

@article{shigeno2004Emo,
    title = {感情を表現した音声の認知と音響的性質},
    year = {2004},
    journal = {心理学研究},
    author = {純,重野},
    number = {6},
    pages = {540--546},
    volume = {74},
    doi = {10.4992/jjpsy.74.540}
}

@article{sakuraba2004Emo,
    title = {「ピカチュウ」にこめられた感性情報},
    year = {2004},
    journal = {音声研究},
    author = {京子,櫻庭 and  敏,今泉 and  一彦,筧},
    number = {1},
    pages = {77--84},
    volume = {8},
    doi = {10.24467/onseikenkyu.8.1{\_}77}
}

@article{sawamura2007Emo,
    title = {Common factors in emotion perception among different cultures},
    year = {2007},
    journal = {Proc.ICPhS},
    author = {Sawamura,K and Dang,J and  Akagi,M and Erickson,D and Li,A and Sakuraba,K and Minematsu,N and Hirose,K},
    pages = {2113--2116}
}

@article{akagi2010EmoSpace,
    title = {音声に含まれる感情情報の認識ー感情空間をどのように表現するかー},
    year = {2010},
    journal = {日本音響学会誌},
    author = {正人,赤木},
    number = {8},
    pages = {393--398},
    volume = {66},
    doi = {10.20697/jasj.66.8{\_}393}
}



@article{kawahara2009tandem,
    title = {{TANDEM-STRAIGHTと音声モーフィング : 感情音声と歌唱研究への応用(<特集>音声が伝達する感性領域の情報の諸相)}},
    year = {2009},
    journal = {音声研究},
    author = {英紀,河原 and 将雅,森勢},
    number = {1},
    pages = {29--39},
    volume = {13},
    doi = {10.24467/onseikenkyu.13.1{\_}29}
}

@article{matsui2003STRAIGHT,
  title={STRAIGHTによる感情モーフィング音声の知覚と変換関数の構造について},
  author={松井九美 and 河原英紀},
  journal={電子情報通信学会技術研究報告},
  volume={103},
  number={27},
  pages={63--68},
  year={2003},
  publisher={電子情報通信学会}
}

@article{kawahara2013morph,
    title = {Temporally variable multi-aspect N-way morphing based on interference-free speech representations},
    year = {2013},
    journal = {Proc.APSIPA ASC},
    author = {H.Kawahara and M. Morise and V.G. Skuk},
    pages={1--10},
    publisher={IEEE}
}

@article{kawahara2014morph,
    title = {音声の実時間表示とモーフィングで探る声の多様性},
    year = {2014},
    journal = {音声研究},
    author = {河原英紀},
    number = {3},
    pages = {43--52},
    volume = {18},
    doi = {10.24467/onseikenkyu.18.3{\_}43}
}

@inproceedings{sakamoto2020morphEmo,
  title={同一話者による平静音声と怒り音声のモーフィングに対する感情知覚},
  author={坂本拓也 and 坂下尚史 and 河原英紀 and 松井淑恵},
  booktitle={日本音響学会秋季研究発表会講演論文集},
  volume={3--S2--5},
  pages={599--600},
  year={2020}
}

@inproceedings{sakamoto2021morphEmo,
  title={同一話者による怒り音声と喜び音声のモーフィングに対する感情知覚},
  author={坂本拓也 and 坂下尚史 and 河原英紀 and 松井淑恵},
  booktitle={日本音響学会春季研究発表会講演論文集},
  volume={2--4P--7},
  pages={671--674},
  year={2021}
}

